%%%%%%%%%%%%%%%% README %%%%%%%%%%%%%%%%%%%%%%%%%%%%%%%%
% Place the BIBTeX entry in the right category 
% 
% BIBTeX labels:  {SurnameYear}, as in Albertsson2018
% Capitalized words in titles must be placed in {...}, as in:
%                       title = {Beyond the proton drip line: {Bayesian} analysis}
% Journal abbreviations:should be done according to the ISO4 standard:
%                       https://academic-accelerator.com/Journal-Abbreviation/System
% doi - include if possible
% url - include if possible
% do not include: abstract; eprint data, report numbers  for published papers;

%%%%%% LQCD %%%%% (K. Orginos)

@article{Scheinker:2020ahx,
    author = "Scheinker, Alexander and Emma, Claudio and Edelen, Auralee L. and Gessner, Spencer",
    title = "{Advanced Control Methods for Particle Accelerators (ACM4PA) 2019 Workshop Report}",
    eprint = "2001.05461",
    archivePrefix = "arXiv",
    primaryClass = "physics.acc-ph",
    reportNumber = "LA-UR-19-32526",
    month = "1",
    year = "2020"
}


@article{Li:2021gtt,
    author = "Li, Sichen and Zacharias, M\'elissa and Snuverink, Jochem and Coello De Portugal, Jai and Perez-Cruz, Fernando and Reggiani, Davide and Adelmann, Andreas",
    title = "{A Novel Approach for Classification and Forecasting of Time Series in Particle Accelerators}",
    eprint = "2102.00786",
    archivePrefix = "arXiv",
    primaryClass = "physics.acc-ph",
    doi = "10.3390/info12030121",
    journal = "Information",
    volume = "12",
    number = "3",
    pages = "121",
    year = "2021"
}

@article{Tennant:2020ivs,
    author = "Tennant, Chris and Carpenter, Adam and Powers, Tom and Shabalina Solopova, Anna and Vidyaratne, Lasitha and Iftekharuddin, Khan",
    title = "{Superconducting radio-frequency cavity fault classification using machine learning at Jefferson Laboratory}",
    eprint = "2006.06562",
    archivePrefix = "arXiv",
    primaryClass = "physics.acc-ph",
    reportNumber = "JLAB-ACP-20-3206",
    doi = "10.1103/PhysRevAccelBeams.23.114601",
    journal = "Phys. Rev. Accel. Beams",
    volume = "23",
    number = "11",
    pages = "114601",
    year = "2020"
}

@article{Seiya:2021wvk,
    author = "Seiya, K. and Hazelwood, K. J. and Ibrahim, M. A. and Nagaslaev, V. P. and Nicklaus, D. J. and Schupbach, B. A. and Thurman-Keup, R. M. and Tran, N. V. and Liu, H. and Memik, S.",
    title = "{Accelerator Real-time Edge AI for Distributed Systems (READS) Proposal}",
    eprint = "2103.03928",
    archivePrefix = "arXiv",
    primaryClass = "physics.acc-ph",
    reportNumber = "FERMILAB-PUB-21-107-AD",
    month = "3",
    year = "2021"
}

@misc{edelen2018opportunities,
      title={Opportunities in Machine Learning for Particle Accelerators}, 
      author={Auralee Edelen and Christopher Mayes and Daniel Bowring and Daniel Ratner and Andreas Adelmann and Rasmus Ischebeck and Jochem Snuverink and Ilya Agapov and Raimund Kammering and Jonathan Edelen and Ivan Bazarov and Gianluca Valentino and Jorg Wenninger},
      year={2018},
      eprint={1811.03172},
      archivePrefix={arXiv},
      primaryClass={physics.acc-ph}
}

@INPROCEEDINGS{7739750,
  author={Nawaz, Ayla S. and Pfeiffer, Sven and Lichtenberg, Gerwald and Schlarb, Holger},
  booktitle={2016 3rd Conference on Control and Fault-Tolerant Systems (SysTol)}, 
  title={Self-organzied critical control for the European XFEL using black box parameter identification for the quench detection system}, 
  year={2016},
  volume={},
  number={},
  pages={196-201},
  doi={10.1109/SYSTOL.2016.7739750}}


@article{RESCIC2020163240,
title = {Predicting particle accelerator failures using binary classifiers},
journal = {Nuclear Instruments and Methods in Physics Research Section A: Accelerators, Spectrometers, Detectors and Associated Equipment},
volume = {955},
pages = {163240},
year = {2020},
issn = {0168-9002},
doi = {https://doi.org/10.1016/j.nima.2019.163240},
url = {https://www.sciencedirect.com/science/article/pii/S0168900219315189},
author = {Miha Rescic and Rebecca Seviour and Willem Blokland},
keywords = {Particle accelerator, Accelerator reliability, Machine learning, Binary classifier, Failure prediction},
abstract = {Particle accelerator failures lead to unscheduled downtime and lower reliability. Although simple to mitigate while they are actually happening such failures are difficult to predict or identify beforehand. In this work we propose using machine learning approaches to predict machine failures via beam current measurements before they actual occur. To demonstrate this technique in this paper we examine beam pulses from the Oakridge Spallation Neutron Source (SNS). By evaluating a pulse against a set of common classification techniques we show that accelerator failure can be identified prior to actually failing with almost 80% accuracy. We also show that tuning classifier parameters and using pulse properties for refining datasets can further lead to almost 92% accuracy in classification of bad pulses. Most importantly, in the paper we establish there is information about the failure encoded in the pulses prior to it, so we also present a list of feasible next steps for increasing pulse classification accuracy.}
}

@article{PhysRevAccelBeams.22.014601,
  title = {Reinforcement learning based schemes to manage client activities in large distributed control systems},
  author = {Gao, Y. and Chen, J. and Robertazzi, T. and Brown, K. A.},
  journal = {Phys. Rev. Accel. Beams},
  volume = {22},
  issue = {1},
  pages = {014601},
  numpages = {17},
  year = {2019},
  month = {Jan},
  publisher = {American Physical Society},
  doi = {10.1103/PhysRevAccelBeams.22.014601},
  url = {https://link.aps.org/doi/10.1103/PhysRevAccelBeams.22.014601}
}

@misc{john2021realtime,
      title={Real-time Artificial Intelligence for Accelerator Control: A Study at the Fermilab Booster}, 
      author={Malachi Schram and Jason St. John and Christian Herwig and Diana Kafkes and Jovan Mitrevski and William A. Pellico and Gabriel N. Perdue and Andres Quintero-Parra and Brian A. Schupbach and Kiyomi Seiya and Nhan Tran and Javier M. Duarte and Yunzhi Huang and Rachael Keller },
      year={2021},
      eprint={2011.07371},
      archivePrefix={arXiv},
      primaryClass={physics.acc-ph}
}

@article{Schaefer:2010hu,
    author = "Schaefer, Stefan and Sommer, Rainer and Virotta, Francesco",
    collaboration = "ALPHA",
    title = "{Critical slowing down and error analysis in lattice QCD simulations}",
    eprint = "1009.5228",
    archivePrefix = "arXiv",
    primaryClass = "hep-lat",
    reportNumber = "DESY-10-151, SFB-CPP-10-81, HU-EP-10-55",
    doi = "10.1016/j.nuclphysb.2010.11.020",
    journal = "Nucl. Phys. B",
    volume = "845",
    pages = "93--119",
    year = "2011"
}
@article{Luscher:2014mka,
    author = {L\"uscher, Martin},
    title = "{Instantaneous stochastic perturbation theory}",
    eprint = "1412.5311",
    archivePrefix = "arXiv",
    primaryClass = "hep-lat",
    reportNumber = "CERN-PH-TH-2014-239",
    doi = "10.1007/JHEP04(2015)142",
    journal = "JHEP",
    volume = "04",
    pages = "142",
    year = "2015"
}
@article{Engel:2011re,
    author = "Engel, Georg P. and Schaefer, Stefan",
    title = "{Testing trivializing maps in the Hybrid Monte Carlo algorithm}",
    eprint = "1102.1852",
    archivePrefix = "arXiv",
    primaryClass = "hep-lat",
    reportNumber = "CERN-PH-TH-2011-023",
    doi = "10.1016/j.cpc.2011.05.004",
    journal = "Comput. Phys. Commun.",
    volume = "182",
    pages = "2107--2114",
    year = "2011"
}
@article{Luscher:2009eq,
    author = "Luscher, Martin",
    title = "{Trivializing maps, the Wilson flow and the HMC algorithm}",
    eprint = "0907.5491",
    archivePrefix = "arXiv",
    primaryClass = "hep-lat",
    reportNumber = "CERN-PH-TH-2009-118",
    doi = "10.1007/s00220-009-0953-7",
    journal = "Commun. Math. Phys.",
    volume = "293",
    pages = "899--919",
    year = "2010"
}
@inproceedings{
levy2018generalizing,
title={Generalizing Hamiltonian Monte Carlo with Neural Networks},
author={Daniel Levy and Matt D. Hoffman and Jascha Sohl-Dickstein},
booktitle={International Conference on Learning Representations},
year={2018},
url={https://openreview.net/forum?id=B1n8LexRZ},
}
@inproceedings{Foreman:2021ixr,
    author = "Foreman, Sam and Jin, Xiao-Yong and Osborn, James C.",
    title = "{Deep Learning Hamiltonian Monte Carlo}",
    booktitle = "{9th International Conference on Learning Representations}",
    eprint = "2105.03418",
    archivePrefix = "arXiv",
    primaryClass = "hep-lat",
    month = "5",
    year = "2021"
}
@article{Hackett:2021idh,
    author = "Hackett, Daniel C. and Hsieh, Chung-Chun and Albergo, Michael S. and Boyda, Denis and Chen, Jiunn-Wei and Chen, Kai-Feng and Cranmer, Kyle and Kanwar, Gurtej and Shanahan, Phiala E.",
    title = "{Flow-based sampling for multimodal distributions in lattice field theory}",
    eprint = "2107.00734",
    archivePrefix = "arXiv",
    primaryClass = "hep-lat",
    reportNumber = "MIT-CTP/5312",
    month = "7",
    year = "2021"
}
@article{Nicoli:2020njz,
    author = "Nicoli, Kim A. and Anders, Christopher J. and Funcke, Lena and Hartung, Tobias and Jansen, Karl and Kessel, Pan and Nakajima, Shinichi and Stornati, Paolo",
    title = "{Estimation of Thermodynamic Observables in Lattice Field Theories with Deep Generative Models}",
    doi = "10.1103/PhysRevLett.126.032001",
    journal = "Phys. Rev. Lett.",
    volume = "126",
    number = "3",
    pages = "032001",
    year = "2021"
}
@article{DelDebbio:2021qwf,
    author = "Del Debbio, Luigi and Rossney, Joe Marsh and Wilson, Michael",
    title = "{Efficient Modelling of Trivializing Maps for Lattice $\phi^4$ Theory Using Normalizing Flows: A First Look at Scalability}",
    eprint = "2105.12481",
    archivePrefix = "arXiv",
    primaryClass = "hep-lat",
    month = "5",
    year = "2021"
}
@article{Albergo:2019eim,
    author = "Albergo, M. S. and Kanwar, G. and Shanahan, P. E.",
    title = "{Flow-based generative models for {Markov chain Monte Carlo} in lattice field theory}",
    doi = "10.1103/PhysRevD.100.034515",
    journal = "Phys. Rev. D",
    volume = "100",
    number = "3",
    pages = "034515",
    year = "2019"
}
@article{Ohnishi:2019ljc,
    author = "Ohnishi, Akira and Mori, Yuto and Kashiwa, Kouji",
    editor = "Dote, Akinobu and Goto, Yuji and Hosaka, Atsushi and Kumano, Shunzo and Monnai, Akihiko",
    title = "{Path Optimization for the Sign Problem in Field Theories Using Neural Network}",
    doi = "10.7566/JPSCP.26.024011",
    journal = "JPS Conf. Proc.",
    volume = "26",
    pages = "024011",
    year = "2019"
}
@article{Wynen:2020uzx,
    author = "Wynen, Jan-Lukas and Berkowitz, Evan and Krieg, Stefan and Luu, Thomas and Ostmeyer, Johann",
    title = "{Machine learning to alleviate {Hubbard}-model sign problems}",
    doi = "10.1103/PhysRevB.103.125153",
    journal = "Phys. Rev. B",
    volume = "103",
    number = "12",
    pages = "125153",
    year = "2021"
}
@article{Alexandru:2018ddf,
    author = "Alexandru, Andrei and Bedaque, Paulo F. and Lamm, Henry and Lawrence, Scott and Warrington, Neill C.",
    title = "{Fermions at Finite Density in 2+1 Dimensions with Sign-Optimized Manifolds}",
    doi = "10.1103/PhysRevLett.121.191602",
    journal = "Phys. Rev. Lett.",
    volume = "121",
    number = "19",
    pages = "191602",
    year = "2018"
}

@article{Ohnishi:2018jjw,
    author = "Ohnishi, Akira and Mori, Yuto and Kashiwa, Kouji",
    title = "{Path optimization method with use of neural network for the sign problem in field theories}",
    eprint = "1812.11506",
    archivePrefix = "arXiv",
    primaryClass = "hep-lat",
    reportNumber = "YITP-18-120, KUNS-2738",
    doi = "10.22323/1.334.0023",
    journal = "PoS",
    volume = "LATTICE2018",
    pages = "023",
    year = "2018"
}


@article{Mori:2017pne,
    author = "Mori, Yuto and Kashiwa, Kouji and Ohnishi, Akira",
    title = "{Toward solving the sign problem with path optimization method}",
    doi = "10.1103/PhysRevD.96.111501",
    journal = "Phys. Rev. D",
    volume = "96",
    number = "11",
    pages = "111501",
    year = "2017"
}

@article{Alexandru:2018fqp,
    author = "Alexandru, Andrei and Bedaque, Paulo F. and Lamm, Henry and Lawrence, Scott",
    title = "{Finite-Density {Monte Carlo} Calculations on Sign-Optimized Manifolds}",
    doi = "10.1103/PhysRevD.97.094510",
    journal = "Phys. Rev. D",
    volume = "97",
    number = "9",
    pages = "094510",
    year = "2018"
}

@article{Bursa:2018ykf,
    author = "Bursa, Francis and Kroyter, Michael",
    title = "{A simple approach towards the sign problem using path optimisation}",
    doi = "10.1007/JHEP12(2018)054",
    journal = "JHEP",
    volume = "12",
    pages = "054",
    year = "2018"
}



@article{Kanwar:2020xzo,
    author = "Kanwar, Gurtej and Albergo, Michael S. and Boyda, Denis and Cranmer, Kyle and Hackett, Daniel C. and Racani\`ere, S\'ebastien and Rezende, Danilo Jimenez and Shanahan, Phiala E.",
    title = "{Equivariant flow-based sampling for lattice gauge theory}",
    doi = "10.1103/PhysRevLett.125.121601",
    journal = "Phys. Rev. Lett.",
    volume = "125",
    number = "12",
    pages = "121601",
    year = "2020"
}

@article{Tomiya:2021ywc,
    author = "Tomiya, Akio and Nagai, Yuki",
    title = "{Gauge covariant neural network for 4 dimensional non-abelian gauge theory}",
    eprint = "2103.11965",
    archivePrefix = "arXiv",
    primaryClass = "hep-lat",
    month = "3",
    year = "2021"
}

@article{Akutagawa:2020yeo,
    author = "Akutagawa, Tetsuya and Hashimoto, Koji and Sumimoto, Takayuki",
    title = "{Deep Learning and AdS/QCD}",
    doi = "10.1103/PhysRevD.102.026020",
    journal = "Phys. Rev. D",
    volume = "102",
    number = "2",
    pages = "026020",
    year = "2020"
}
@article{Hashimoto:2019bih,
    author = "Hashimoto, Koji",
    title = "{AdS/CFT correspondence as a deep Boltzmann machine}",
    doi = "10.1103/PhysRevD.99.106017",
    journal = "Phys. Rev. D",
    volume = "99",
    number = "10",
    pages = "106017",
    year = "2019"
}



@article{Pederiva:2020,
    author = "Pederiva, Giovani and Shindler, Andrea",
    journal = "Work in progress",
    primaryClass = "hep-lat",
    title = "{Machine Learning for Hadron Correlators from lattice QCD}",
    year = "2020"
}

@article{Karpie:2019eiq,
    author = "Karpie, Joseph and Orginos, Kostas and Rothkopf, Alexander and Zafeiropoulos, Savvas",
    title = "{Reconstructing parton distribution functions from Ioffe time data: from Bayesian methods to Neural Networks}",
    eprint = "1901.05408",
    archivePrefix = "arXiv",
    primaryClass = "hep-lat",
    reportNumber = "JLAB-THY-19-2898",
    doi = "10.1007/JHEP04(2019)057",
    journal = "JHEP",
    volume = "04",
    pages = "057",
    year = "2019"
}
%%%%%%%%%%%%%%%%%  BOOKS %%%%%%%%%%%%%%%%%%%

@BOOK{Decadal2012,
Author = {{NAS Report}},
  title = "Nuclear Physics:
Exploring the Heart of Matter. Report of the {Committee on the Assessment of and Outlook for Nuclear Physics}",
  publisher = "The National Academies Press",
  doi="10.17226/13438",
  year = "2012"
}

@book{Goodfellow2016,
author ={Goodfellow, Ian and Bengio, Yoshua and Courville, Aaron},
title = {Deep Learning},
publisher = {The MIT Press, Cambridge, Massachusetts},
year = {2016}
}

@book{Bishop2006,
author = {Bishop, Christopher M.},
title = {Pattern Recognition and Machine Learning},
year = {2006},
publisher = {Springer Verlag, Berlin}
}

@book{Hastie2009,
  author = {Hastie, Trevor and Tibshirani, Robert and Friedman, Jerome},
  publisher = {Springer Verlag, Berlin},
  title = {The Elements of Statistical Learning: Data Mining, Inference and Prediction},
  year = {2009}
}

@book{Hjorthjensen2017,
author = {Hjorth-Jensen, Morten and Lombardo, Maria Paola and van Kolck, Ubirajara, Eds.},
title = {An Advanced Course in Computational Nuclear Physics;
Bridging the Scales from Quarks to Neutron Stars},
  publisher = {Springer Verlag, Berlin},
  year = {2017}
}

@book{Murphy2012,
author = {Murphy, Kevin P.},
title = {Machine Learning: A Probabilistic Perspective},
year = {2012},
publisher = {The MIT Press, Cambdridge, Massachusetts}
}

@book{Schuld2018,
author = {Schuld, Maria and Petruccione, Francesco},
title = {Supervised Learning with Quantum Computers},
year = {2018},
publisher = {Springer Verlag, Berlin}
}

@book{Schunck2019B,
editor = {Schunck, Nicolas},
title = {Energy Density Functional Methods for Atomic Nuclei},
publisher = {IOP Publishing},
year = {2019},
series = {2053-2563},
isbn = {978-0-7503-1422-0},
url = {http://dx.doi.org/10.1088/2053-2563/aae0ed},
doi = {10.1088/2053-2563/aae0ed}
}

@book{Burkard2012, 
    author = {R.E. Burkard and M. Dell'Amico and S. Martello},
    title = {Assignment Problems},
    publisher = {SIAM, Philadelphia, USA},
    year = {2012}
}    

@BOOK{NAS-Models2012,
  author    = "{National Research Council}",
  title     = "Assessing the Reliability of Complex Models: Mathematical and Statistical Foundations of Verification, Validation, and Uncertainty Quantification",
  isbn      = "978-0-309-25634-6",
  doi       = "10.17226/13395",
  url       = "https://www.nap.edu/catalog/13395/assessing-the-reliability-of-complex-models-mathematical-and-statistical-foundations",
  year      = 2012,
  publisher = "The National Academies Press",
  address   = "Washington, DC"
}

%%%%%%%%%%%%%%%%%  REPORTS and THESES %%%%%%%%%%%%%%%%%%%

@techreport{Young2009,
  title = {Scientific grand challenges: forefront questions in nuclear science and the role of computing at the extreme scale},
  author = {Young, G. and Dean, D.J. and Savage, M.J.},
  year = {2009},
  address = {{Washington, D.C.}},
  institution = {U.S. Department of Energy},
  url="https://science.osti.gov/-/media/ascr/pdf/program-documents/docs/Np_report.pdf"
}


   @misc{BasicResearchNeeds2019,
    title = "{Workshop Report on Basic Research Needs for Scientific Machine Learning: {Core} Technologies for Artificial Intelligence}",
    year= "2019",
    url="https://www.osti.gov/servlets/purl/1478744"
    } 
    


@misc{DataModels,
    title = "{Data and Models: {A} Framework for Advancing AI in Science}",
    year= "2019",
    url="https://www.osti.gov/servlets/purl/1579323"
    } 
    

    @misc{NAIRDStrategicPlan2016,
    title = "{The National Artificial Intelligence Research and Development Strategic Plan, National Science and Technology Council, Networking and Information Technology R\&D Subcommittee}",
    year                ="2016",
    url="https://www.nitrd.gov/pubs/national_ai_rd_strategic_plan.pdf"
}

@phdthesis{Bradt2017,
author = {Bradt, Joshua William},
school = {Michigan State University},
title = {{Measurement of isobaric analogue resonances of 47Ar with the active target time projection chamber}},
URL={http://publications.nscl.msu.edu/thesis/\%20Brandt_2017_5279.pdf},
year = {2017}
}
%%%%%%%%%%%%%%%%%  Preprints %%%%%%%%%%%%%%%%%%%%%%%%%




@misc{deiana2021,
      title={Applications and Techniques for Fast Machine Learning in Science}, 
      author={Allison McCarn Deiana and Nhan Tran and Joshua Agar and Michaela Blott and Giuseppe Di Guglielmo and Javier Duarte and Philip Harris and Scott Hauck and Mia Liu and Mark S. Neubauer and Jennifer Ngadiuba and Seda Ogrenci-Memik and Maurizio Pierini and Thea Aarrestad and Steffen Bahr and Jurgen Becker and Anne-Sophie Berthold and Richard J. Bonventre and Tomas E. Muller Bravo and Markus Diefenthaler and Zhen Dong and Nick Fritzsche and Amir Gholami and Ekaterina Govorkova and Kyle J Hazelwood and Christian Herwig and Babar Khan and Sehoon Kim and Thomas Klijnsma and Yaling Liu and Kin Ho Lo and Tri Nguyen and Gianantonio Pezzullo and Seyedramin Rasoulinezhad and Ryan A. Rivera and Kate Scholberg and Justin Selig and Sougata Sen and Dmitri Strukov and William Tang and Savannah Thais and Kai Lukas Unger and Ricardo Vilalta and Belinavon Krosigk and Thomas K. Warburton and Maria Acosta Flechas and Anthony Aportela and Thomas Calvet and Leonardo Cristella and Daniel Diaz and Caterina Doglioni and Maria Domenica Galati and Elham E Khoda and Farah Fahim and Davide Giri and Benjamin Hawks and Duc Hoang and Burt Holzman and Shih-Chieh Hsu and Sergo Jindariani and Iris Johnson and Raghav Kansal and Ryan Kastner and Erik Katsavounidis and Jeffrey Krupa and Pan Li and Sandeep Madireddy and Ethan Marx and Patrick McCormack and Andres Meza and Jovan Mitrevski and Mohammed Attia Mohammed and Farouk Mokhtar and Eric Moreno and Srishti Nagu and Rohin Narayan and Noah Palladino and Zhiqiang Que and Sang Eon Park and Subramanian Ramamoorthy and Dylan Rankin and Simon Rothman and Ashish Sharma and Sioni Summers and Pietro Vischia and Jean-Roch Vlimant and Olivia Weng},
      year={2021},
      eprint={2110.13041},
      archivePrefix={arXiv},
      primaryClass={cs.LG}
}


@misc{Luo2020,
      title={Gauge equivariant neural networks for quantum lattice gauge theories}, 
      author={Di Luo and Giuseppe Carleo and Bryan K. Clark and James Stokes},
      year={2020},
      eprint={2012.05232},
      archivePrefix={arXiv},
      primaryClass={cond-mat.str-el}
}

@article{Connell2021,
	doi = {10.1088/1361-6471/ac215a},
	url = {https://doi.org/10.1088/1361-6471/ac215a},
	year = 2021,
	month = {sep},
	publisher = {{IOP} Publishing},
	volume = {48},
	number = {10},
	pages = {104001},
	author = {M A Connell and I Billig and D R Phillips},
	title = {Does {Bayesian model averaging improve polynomial extrapolations? Two} toy problems as tests},
	journal = {J. Phys. G},
}

@misc{AINPReport2020,
    title={Report from the {A.I. For Nuclear Physics}  Workshop},
    author={Paulo Bedaque and Amber Boehnlein and Mario Cromaz and Markus Diefenthaler and Latifa Elouadrhiri and Tanja Horn and Michelle Kuchera and David Lawrence and Dean Lee and Steven Lidia and Robert McKeown and Wally Melnitchouk and Witold Nazarewicz and Kostas Orginos and Yves Roblin and Michael Scott Smith and Malachi Schram and Xin-Nian Wang},
    year={2020},
    eprint={2006.05422},
    archivePrefix={arXiv},
    url={https://arxiv.org/abs/2006.05422},
    primaryClass={physics.comp-ph}
}

@misc{zhang2021determine,
      title={Determining impact parameters of heavy-ion collisions at low-intermediate incident energies using deep learning with convolutional neural network}, 
      author={X. Zhang and Y. Huang and W. Lin and X. Liu and H. Zheng and R. Wada and A. Bonasera and Z. Chen and L. Chen and J. Han and R. Han and M. Huang and Q. Hu and Q. Leng and C. W. Ma and G. Qu and P. Ren and G. Tian and Z. Xu and Z. Yang and L. Zhang},
      year={2021},
      eprint={2111.06597},
      archivePrefix={arXiv},
      primaryClass={nucl-th}
}



@article{Bedaque2021,
	author = {Bedaque, Paulo and Boehnlein, Amber and Cromaz, Mario and Diefenthaler, Markus and Elouadrhiri, Latifa and Horn, Tanja and Kuchera, Michelle and Lawrence, David and Lee, Dean and Lidia, Steven and McKeown, Robert and Melnitchouk, Wally and Nazarewicz, Witold and Orginos, Kostas and Roblin, Yves and Scott Smith, Michael and Schram, Malachi and Wang, Xin-Nian},
	doi = {10.1140/epja/s10050-020-00290-x},
	journal = {Eur. Phys. J. A},
	number = {3},
	pages = {100},
	title = {{A.I.} for nuclear physics},
	url = {https://doi.org/10.1140/epja/s10050-020-00290-x},
	volume = {57},
	year = {2021}
	}
@article{nova2016,
  title = {First Measurement of Electron Neutrino Appearance in NOvA},
  author={Adamson, P and Ader, C and Andrews, M and Anfimov, N and Anghel, I and Arms, K and Arrieta-Diaz, E and Aurisano, A and Ayres, DS and Backhouse, C and others},
  collaboration = {NOvA Collaboration},
  journal = {Phys. Rev. Lett.},
  volume = {116},
  issue = {15},
  pages = {151806},
  numpages = {7},
  year = {2016},
  month = {Apr},
  publisher = {American Physical Society},
  doi = {10.1103/PhysRevLett.116.151806},
  url = {https://link.aps.org/doi/10.1103/PhysRevLett.116.151806}
}



@article{Akkoyun2020a,
      title={Improvement Studies of an Effective Interaction for {$N=Z$} sd-shell Nuclei by Neural Networks}, 
      author={Serkan Akkoyun and Nadjet Laouet and Fatima Benrachi},
      year={2021},
      journal = {Bulg. J. Phys.},
volume = {48},
pages = {1},
URL = {https://www.bjp-bg.com/papers/bjp1241.pdf}
}

@article{Apurba2021,
author = {Nandi,Apurba  and Qu,Chen  and Houston,Paul L.  and Conte,Riccardo  and Bowman,Joel M. },
title = {{$\Delta$-machine learning for potential energy surfaces: A PIP approach to bring a DFT-based PES to CCSD(T) level of theory}},
journal = {J. Chem. Phys.},
volume = {154},
number = {5},
pages = {051102},
year = {2021},
doi = {10.1063/5.0038301},
URL = { https://doi.org/10.1063/5.0038301}
}

@article{Aurisano2016,
	doi = {10.1088/1748-0221/11/09/p09001},
	url = {https://doi.org/10.1088/1748-0221/11/09/p09001},
	year = 2016,
	month = {sep},
	publisher = {{IOP} Publishing},
	volume = {11},
	number = {09},
	pages = {P09001--P09001},
	author = {A. Aurisano and A. Radovic and D. Rocco and A. Himmel and M.D. Messier and E. Niner and G. Pawloski and F. Psihas and A. Sousa and P. Vahle},
	title = {A convolutional neural network neutrino event classifier},
	journal = {Journal of Instrumentation},
}

@misc{Ayriyan2021,
      title={Bayesian analysis of multimessenger {M-R} data with interpolated hybrid {EoS}}, 
      author={A. Ayriyan and D. Blaschke and A. G. Grunfeld and D. Alvarez-Castillo and H. Grigorian and V. Abgaryan},
      year={2021},
      eprint={2102.13485},
      archivePrefix={arXiv},
      primaryClass={astro-ph.HE}
}

@misc{Butler2021,
      title={Infinite Nuclear Matter Correlations with Machine-Learned Coupled-Cluster Theory}, 
      author={Butler, Julie and Hjorth-Jensen, Morten},
      year={2021},
      eprint={unpublished}
}


@article{Bai2021,
   title={The description of giant dipole resonance key parameters with multitask neural networks},
   volume={815},
   ISSN={0370-2693},
   url={http://dx.doi.org/10.1016/j.physletb.2021.136147},
   DOI={10.1016/j.physletb.2021.136147},
   journal={Phys. Lett. B},
   publisher={Elsevier BV},
   author={Bai, J.H. and Niu, Z.M. and Sun, B.Y. and Niu, Y.F.},
   year={2021},
   month={Apr},
   pages={136147}
}


@article{Baldi2019,
  title = {Improved energy reconstruction in {NOvA} with regression convolutional neural networks},
  author = {Baldi, P. and Bian, J. and Hertel, L. and Li, L.},
  journal = {Phys. Rev. D},
  volume = {99},
  issue = {1},
  pages = {012011},
  numpages = {13},
  year = {2019},
  month = {Jan},
  publisher = {American Physical Society},
  doi = {10.1103/PhysRevD.99.012011},
  url = {https://link.aps.org/doi/10.1103/PhysRevD.99.012011}
}

@article{Bailey2021,
	author = {Bailey, Sam and Kokalova, Tzany and Freer, Martin and Wheldon, Carl and Smith, Robin and Walshe, Joseph and Soi\'{}c, Neven and Prepolec, Lovro and Toki\'{}c, Vedrana and Marqu\'es, Francisco Miguel and Achouri, Lynda and Delaunay, Franck and Parlog, Marian and Deshayes, Quentin and Fern\'andez-Dominguez, Beatriz and Jacquot, Bertrand},
	title = {The identification of ${\alpha}$-clustered doorway states in $^{44,48,52}${Ti} using machine learning},
	DOI= "10.1140/epja/s10050-021-00357-3",
	url= "https://doi.org/10.1140/epja/s10050-021-00357-3",
	journal = {Eur. Phys. J. A},
	year = 2021,
	volume = 57,
	number = 3,
	pages = "108",
}

@article{Bender2003,
  title = {Self-consistent mean-field models for nuclear structure},
  author = {Bender, Michael and Heenen, Paul-Henri and Reinhard, Paul-Gerhard},
  journal = {Rev. Mod. Phys.},
  volume = {75},
  issue = {1},
  pages = {121--180},
  numpages = {0},
  year = {2003},
  month = {Jan},
  publisher = {American Physical Society},
  doi = {10.1103/RevModPhys.75.121},
  url = {https://link.aps.org/doi/10.1103/RevModPhys.75.121}
}


@article{Bollapragada2020,
   title={Optimization and supervised machine learning methods for fitting numerical physics models without derivatives},
   volume={48},
   url={http://dx.doi.org/10.1088/1361-6471/abd009},
   DOI={10.1088/1361-6471/abd009},
   number={2},
   journal={J. Phys. G},
   author={Bollapragada, Raghu and Menickelly, Matt and Nazarewicz, Witold and O’Neal, Jared and Reinhard, Paul-Gerhard and Wild, Stefan M},
   year={2021},
   pages={024001}
}


@article{Brady:2021plj,
  title = {Normalizing Flows for Microscopic Many-Body Calculations: An Application to the Nuclear Equation of State},
  author = {Brady, J. and Wen, P. and Holt, J. W.},
  journal = {Phys. Rev. Lett.},
  volume = {127},
  issue = {6},
  pages = {062701},
  numpages = {6},
  year = {2021},
  month = {Aug},
  publisher = {American Physical Society},
  doi = {10.1103/PhysRevLett.127.062701},
  url = {https://link.aps.org/doi/10.1103/PhysRevLett.127.062701}
}



@misc{Catacorarios2020,
      title={Which observable offers better constraints on the optical potential?}, 
      author={M. Catacora-Rios and G. B. King and A. E. Lovell and F. M. Nunes},
      year={2020},
      eprint={2012.06653},
      archivePrefix={arXiv},
      primaryClass={nucl-th}
}



@misc{Drischler2020,
  title = {Quantifying uncertainties and correlations in the nuclear-matter equation of state},
  author = {Drischler, C. and Melendez, J. A. and Furnstahl, R. J. and Phillips, D. R.},
  journal = {Phys. Rev. C},
  volume = {102},
  issue = {5},
  pages = {054315},
  numpages = {21},
  year = {2020},
  month = {Nov},
  publisher = {American Physical Society},
  doi = {10.1103/PhysRevC.102.054315},
  url = {https://link.aps.org/doi/10.1103/PhysRevC.102.054315}
}



@misc{Drischler2020a,
      title={How well do we know the neutron-matter equation of state at the densities inside neutron stars? {A Bayesian} approach with correlated uncertainties}, 
  author = {Drischler, C. and Furnstahl, R. J. and Melendez, J. A. and Phillips, D. R.},
  journal = {Phys. Rev. Lett.},
  volume = {125},
  issue = {20},
  pages = {202702},
  numpages = {7},
  year = {2020},
  month = {Nov},
  publisher = {American Physical Society},
  doi = {10.1103/PhysRevLett.125.202702},
  url = {https://link.aps.org/doi/10.1103/PhysRevLett.125.202702}
}



@article{Dune2020,
  title = {Neutrino interaction classification with a convolutional neural network in the {DUNE} far detector},
  collaboration = {DUNE Collaboration},
  journal = {Phys. Rev. D},
  volume = {102},
  issue = {9},
  pages = {092003},
  numpages = {20},
  year = {2020},
  month = {Nov},
  publisher = {American Physical Society},
  doi = {10.1103/PhysRevD.102.092003},
  url = {https://link.aps.org/doi/10.1103/PhysRevD.102.092003}
}

@misc{Ekstrom2019b,
AUTHOR={Ekström, A.},   
TITLE={Analyzing the Nuclear Interaction: Challenges and New Ideas},
JOURNAL={Front. Phys.},      
VOLUME={8},      
PAGES={29},     
YEAR={2020},      
URL={https://www.frontiersin.org/article/10.3389/fphy.2020.00029},  
DOI={10.3389/fphy.2020.00029}
}

@misc{Essick2021,
      title={Astrophysical Constraints on the Symmetry Energy and the Neutron Skin of $^{208}${Pb} with Minimal Modeling Assumptions}, 
      author={Reed Essick and Ingo Tews and Philippe Landry and Achim Schwenk},
      year={2021},
      eprint={2102.10074},
      archivePrefix={arXiv},
      primaryClass={nucl-th}
}

@misc{Fujimoto:2021zas,
    author = "Fujimoto, Yuki and Fukushima, Kenji and Murase, Koichi",
    title = "{Extensive Studies of the Neutron Star Equation of State from the Deep Learning Inference with the Observational Data Augmentation}",
    doi = "10.1007/JHEP03(2021)273",
    journal = "JHEP",
    volume = "03",
    pages = "273",
    year = "2021"
}


@misc{Gao2021,
      title={Machine learning the nuclear mass}, 
      author={Zepeng Gao and Yongjia Wang and Hongliang Lü and Qingfeng Li and Caiwan Shen and Ling Liu},
      year={2021},
      eprint={2105.02445},
      archivePrefix={arXiv},
      primaryClass={nucl-th}
}

@ARTICLE{Gavalian2020,
       author = {{Gavalian}, Gagik and {Thomadakis}, Polykarpos and {Angelopoulos}, Angelos and {Ziegler}, Veronique and {Chrisochoides}, Nikos},
        title = "{Using Artificial Intelligence for Particle Track Identification in CLAS12 Detector}",
      journal = {arXiv e-prints},
     keywords = {Computer Science - Computer Vision and Pattern Recognition, Physics - Instrumentation and Detectors},
         year = 2020,
        month = aug,
          eid = {arXiv:2008.12860},
        pages = {arXiv:2008.12860},
archivePrefix = {arXiv},
       eprint = {2008.12860},
 primaryClass = {cs.CV},
       adsurl = {https://ui.adsabs.harvard.edu/abs/2020arXiv200812860G},
      adsnote = {Provided by the SAO/NASA Astrophysics Data System}
}

@ARTICLE{Barsotti2020,
       author = {{Barsotti}, Rebecca and {Shepherd}, Matthew R.},
        title = "{Using machine learning to separate hadronic and electromagnetic interactions in the GlueX forward calorimeter}",
      journal = {arXiv e-prints},
     keywords = {Computer Science - Computer Vision and Pattern Recognition, Physics - Instrumentation and Detectors},
         year = 2020,
        month = feb,
          eid = {arXiv:2002.09530},
        pages = {arXiv:2002.09530},
       archivePrefix = {arXiv},
       eprint = {2002.09530},
      primaryClass = {physics.data-an},
       adsurl = {https://ui.adsabs.harvard.edu/abs/2020JInst..15P5021B/abstract},
      adsnote = {Provided by the SAO/NASA Astrophysics Data System}

}

@misc{Giuliani2021,
      title={From noise to information: The transfer function formalism for uncertainty quantification on nuclear density reconstruction}, 
      author={Giuliani, Pablo and Piekarewicz, Jorge},
      year={2021},
      eprint={2103.17087},
      archivePrefix={arXiv},
      primaryClass={nucl-th}
}


@misc{Huber:2021fau,
   title={Morphology of three-body quantum states from machine learning},
   volume={23},
   ISSN={1367-2630},
   url={http://dx.doi.org/10.1088/1367-2630/ac0576},
   DOI={10.1088/1367-2630/ac0576},
   number={6},
   journal={New J. Phys.},
   publisher={IOP Publishing},
   author={Huber, D. and Marchukov, O. V and Hammer, H.-W. and Volosniev, A. G},
   year={2021},
   pages={065009}
}


@article{Idini2020,
  title = {Statistical learnability of nuclear masses},
  author = {Idini, A.},
  journal = {Phys. Rev. Res.},
  volume = {2},
  issue = {4},
  pages = {043363},
  numpages = {7},
  year = {2020},
  month = {Dec},
  publisher = {American Physical Society},
  doi = {10.1103/PhysRevResearch.2.043363},
  url = {https://link.aps.org/doi/10.1103/PhysRevResearch.2.043363}
}
@misc{Jiang2021,
      title={Deep learning stochastic processes with {QCD} phase transition}, 
  author = {Jiang, L. and Wang, L. and Zhou, K.},
  journal = {Phys. Rev. D},
  volume = {103},
  issue = {11},
  pages = {116023},
  numpages = {8},
  year = {2021},
  month = {Jun},
  publisher = {American Physical Society},
  doi = {10.1103/PhysRevD.103.116023},
  url = {https://link.aps.org/doi/10.1103/PhysRevD.103.116023}
}

@misc{Kaspschak:2020zws,
    author = "Kaspschak, B. and Mei{\ss}ner, U.-G.",
  title = {Neural network perturbation theory and its application to the {Born} series},
  journal = {Phys. Rev. Research},
  volume = {3},
  issue = {2},
  pages = {023223},
  numpages = {20},
  year = {2021},
  month = {Jun},
  publisher = {American Physical Society},
  doi = {10.1103/PhysRevResearch.3.023223},
  url = {https://link.aps.org/doi/10.1103/PhysRevResearch.3.023223}
}


@article{Ismail:2021,
  title = {Machine-learning approach to finite-size effects in systems with strongly interacting fermions},
  author = {Ismail, Nawar and Gezerlis, Alexandros},
  journal = {Phys. Rev. C},
  volume = {104},
  issue = {5},
  pages = {055802},
  numpages = {10},
  year = {2021},
  month = {Nov},
  publisher = {American Physical Society},
  doi = {10.1103/PhysRevC.104.055802},
  url = {https://link.aps.org/doi/10.1103/PhysRevC.104.055802}
}



@misc{Lai2020,
      title={Explainable machine learning of the underlying physics of high-energy particle collisions}, 
      author={Yue Shi Lai and Duff Neill and Mateusz Płoskoń and Felix Ringer},
      year={2020},
      eprint={2012.06582},
      archivePrefix={arXiv},
      primaryClass={hep-ph}
}


@article{Moreno2020,
  title = {Deep Learning the {Hohenberg-Kohn} Maps of Density Functional Theory},
  author = {Moreno, J. R.  and Carleo, G. and Georges, A.},
  journal = {Phys. Rev. Lett.},
  volume = {125},
  issue = {7},
  pages = {076402},
  numpages = {6},
  year = {2020},
  month = {Aug},
  publisher = {American Physical Society},
  doi = {10.1103/PhysRevLett.125.076402},
  url = {https://link.aps.org/doi/10.1103/PhysRevLett.125.076402}
}

@article{Odell:2021tqd,
    author = "Odell, Daniel and Brune, Carl and Phillips, Daniel",
    title = "{How Bayesian methods can improve $R$-matrix analyses of data: the example of the $dt$ Reaction}",
    eprint = "2105.06541",
    archivePrefix = "arXiv",
    primaryClass = "nucl-th",
    month = "5",
    year = "2021"
}

@misc{Pastore2020a,
      title={Extrapolating from neural network models: a cautionary tale}, 
      author={A. Pastore and M. Carnini},
      year={2020},
      eprint={2012.06605},
      archivePrefix={arXiv},
      primaryClass={nucl-th}
}

@article{Pastore2021,
	author={Alessandro Pastore and Marco Carnini},
	title={Extrapolating from neural network models: a cautionary tale},
	journal={J. Phys. G},
	url={http://iopscience.iop.org/article/10.1088/1361-6471/abf08a},
	year={2021}
}

@article{Phillips2021,
	author={Daniel R Phillips and Richard Furnstahl and Uli Heinz and Taps Maiti and Witold Nazarewicz and Filomena Nunes and Matthew Plumlee and Scott Pratt and Matthew Pratola and Frederi Viens and Stefan Martin Wild},
	title={Get on the {BAND wagon: A Bayesian} framework for quantifying model uncertainties in nuclear dynamics},
	journal={J. Phys. G},
		volume = "48",
pages = "072001",
	url={http://iopscience.iop.org/article/10.1088/1361-6471/abf1df},
	doi={10.1088/1361-6471/abf1df},
	year={2021}
}




@misc{Scamps2020,
      title={Grid {Skyrme} functional obtained using a committee of multilayer neural networks}, 
      author={G. Scamps and S. Goriely and E. Olsen and M. Bender and W. Ryssens},
      year={2020},
      eprint={2011.07904},
      archivePrefix={arXiv},
      primaryClass={nucl-th}
}

@article{Shelley2021,
AUTHOR = {Shelley, M. and Pastore, A.},
TITLE = {A New Mass Model for Nuclear Astrophysics: {Crossing 200 keV} Accuracy},
JOURNAL = {Universe},
VOLUME = {7},
YEAR = {2021},
NUMBER = {5},
pages = {131},
URL = {https://www.mdpi.com/2218-1997/7/5/131},
DOI = {10.3390/universe7050131}
}

@inproceedings{solopova2019,
  title={SRF cavity fault classification using machine learning at {CEBAF}},
  author={Solopova, A. and Carpenter, A. and Powers, T. and Roblin, Y. and Tennant, C. and Vidyaratne, L. and Iftekharuddin, K.},
  booktitle={10th Int. Particle Accelerator Conf.(IPAC'19), Melbourne, Australia, 19-24 May 2019},
  pages={1167--1170},
  year={2019},
  organization={JACOW Publishing, Geneva, Switzerland}
}
@misc{Sombillo2021,
      title={Unveiling the pole structure of {S-matrix} using deep learning}, 
      author={Denny Lane B. Sombillo and Yoichi Ikeda and Toru Sato and Atsushi Hosaka},
      year={2021},
      eprint={2104.14182},
      archivePrefix={arXiv},
      primaryClass={hep-ph}
} 

@inproceedings{Sombillo:2021ifs,
    author = "Sombillo, Denny Lane B. and Ikeda, Yoichi and Sato, Toru and Hosaka, Atsushi",
    title = "{Classifying near-threshold enhancement using deep neural network}",
    eprint = "2106.03453",
    archivePrefix = "arXiv",
    primaryClass = "hep-ph",
    month = "6",
    year = "2021"
}

@article{Tennant2020,
  title = {Superconducting radio-frequency cavity fault classification using machine learning at Jefferson Laboratory},
  author = {Tennant, Chris and Carpenter, Adam and Powers, Tom and Shabalina Solopova, Anna and Vidyaratne, Lasitha and Iftekharuddin, Khan},
  journal = {Phys. Rev. Accel. Beams},
  volume = {23},
  issue = {11},
  pages = {114601},
  numpages = {16},
  year = {2020},
  month = {Nov},
  publisher = {American Physical Society},
  doi = {10.1103/PhysRevAccelBeams.23.114601},
  url = {https://link.aps.org/doi/10.1103/PhysRevAccelBeams.23.114601}
}

@misc{Wanga2020,
      title={Providing physics guides in {Bayesian} neural networks from input layer: case of giant dipole resonance predictions}, 
      author={Xiaohang Wanga and Jun Su and Long Zhu},
      year={2020},
      eprint={2011.03869},
      archivePrefix={arXiv},
      primaryClass={nucl-th}
}

@misc{Wesolowski2021,
      title={Fast \& rigorous constraints on chiral three-nucleon forces from few-body observables}, 
      author={S. Wesolowski and I. Svensson and A. Ekström and C. Forssén and R. J. Furnstahl and J. A. Melendez and D. R. Phillips},
      year={2021},
      eprint={2104.04441},
      archivePrefix={arXiv},
      primaryClass={nucl-th}
}

@article{Svensson:2021lzs,
    author = {Svensson, Isak and Ekstr\"om, Andreas and Forss\'en, Christian},
    title = "{Bayesian parameter estimation in $\chi$EFT using Hamiltonian Monte Carlo}",
    eprint = "2110.04011",
    archivePrefix = "arXiv",
    primaryClass = "nucl-th",
    month = "10",
    year = "2021"
}

@article{Zhang:2021jmi,
    author = "Zhang, Xilin and Furnstahl, R. J.",
    title = "{Fast emulation of quantum three-body scattering}",
    eprint = "2110.04269",
    archivePrefix = "arXiv",
    primaryClass = "nucl-th",
    month = "10",
    year = "2021"
}
@misc{Yang2020a,
      title={Taming nucleon density distributions with deep neural network method}, 
      author={Zu-Xing Yang and Wei Zuo and Peng Yin and Xiao-Hua Fan},
      year={2020},
      eprint={2012.07334},
      archivePrefix={arXiv},
      primaryClass={nucl-th}
}

@misc{Yoshida2021,
      title={A new workflow of shell-model calculations with the emulator and preprocessing using eigenvector continuation, and shell-model code {ShellModel.jl}}, 
      author={Sota Yoshida and Noritaka Shimizu},
      year={2021},
      eprint={2105.08256},
      archivePrefix={arXiv},
      primaryClass={nucl-th}
}

@article{Melendez2021a,
title = {Fast \& accurate emulation of two-body scattering observables without wave functions},
journal = {Phys. Lett. B},
volume = {821},
pages = {136608},
year = {2021},
issn = {0370-2693},
doi = {10.1016/j.physletb.2021.136608},
url = {https://www.sciencedirect.com/science/article/pii/S0370269321005487},
author = {J.A. Melendez and C. Drischler and A.J. Garcia and R.J. Furnstahl and Xilin Zhang}
}

@article{Drischler:2021qoy,
title = {Toward emulating nuclear reactions using eigenvector continuation},
journal = {Phys. Lett. B},
pages = {136777},
year = {2021},
issn = {0370-2693},
doi = {10.1016/j.physletb.2021.136777},
url = {https://www.sciencedirect.com/science/article/pii/S0370269321007176},
author = {C. Drischler and M. Quinonez and P.G. Giuliani and A.E. Lovell and F.M. Nunes},
}

@phdthesis{Eklind:2021car,
      author         = "Eklind, Carl",
      title          = "{Eigenvector continuation and strongly
                        interacting cold atom systems}",
      year           = "2021",
      eprint         = "https://hdl.handle.net/20.500.12380/302455",
      SLACcitation   = "%%CITATION = https://hdl.handle.net/20.500.12380/302455%%"
}

@misc{Sarkar:2021fpz,
    author = "Sarkar, Avik and Lee, Dean",
    title = "{Self-learning Emulators and Eigenvector Continuation}",
    eprint = "2107.13449",
    archivePrefix = "arXiv",
    primaryClass = "nucl-th",
    month = "7",
    year = "2021"
}

@misc{Djarv:2021ckm,
    author = {Dj\"arv, T. and Ekstr\"om, A. and Forss\'en, C. and Johansson, H. T.},
    title = "{Fast \& rigorous predictions for $A=6$ nuclei with Bayesian posterior sampling}",
    eprint = "2108.13313",
    archivePrefix = "arXiv",
    primaryClass = "nucl-th",
    month = "8",
    year = "2021"
}
@misc{Zhang2021,
	doi = {10.1088/1674-1137/abf428},
	url = {https://doi.org/10.1088/1674-1137/abf428},
	year = 2021,
	month = {jun},
	publisher = {{IOP} Publishing},
	volume = {45},
	number = {6},
	pages = {064104},
	author = {Zhen Zhang and Xue-Bin Feng and Lie-Wen Chen},
	title = {Bayesian inference on isospin splitting of nucleon effective mass from giant resonances in $^{208}${Pb}},
	journal = {Chin. Phys. C},
}

@misc{Kim2021,
      title={Quantum Mechanical Many-body Problems with Machine Learning Algorithms},
      author={Kim, Jane Mae and Flugsrud, Vilde and Nordhagen, Even and Hjorth-Jensen, Morten},
      year={2021},
      eprint={in preparation},
      archivePrefix={arXiv},
      primaryClass={cond-mat}
}

@misc{Sharir2021,
      title={Neural tensor contractions and the expressive power of deep neural quantum states}, 
      author={Or Sharir and Amnon Shashua and Giuseppe Carleo},
      year={2021},
      eprint={2103.10293},
      archivePrefix={arXiv},
      primaryClass={quant-ph}
}


@misc{Lawrence2021,
  title = {Streaming Readout of the CLAS12 Forward Tagger Using TriDAS and JANA2},
  author={Ameli, Fabrizio and Battaglieri, Marco and Bond\'i, Mariangela and Celentano, Andrea and Boyarinov, Sergey and Brei, Nathan and Chiarusi, Tommaso and  De Vita, Raffaella and Fanelli, Cristiano and Gyurjyan, Vardan and Lawrence, David and Musico, Paolo and Pellegrino, Carmelo and Raydo, Ben and Vallarino, Simone},
  year={2021},
  eprint={2104.11388v1},
  archivePrefix={arXiv},
  primaryClass={physics.ins-det}
}

@article{gligorov2013efficient,
  title={Efficient, reliable and fast high-level triggering using a bonsai boosted decision tree},
  author={Gligorov, Vladimir V and Williams, Mike},
  journal={Journal of Instrumentation},
  volume={8},
  number={02},
  pages={P02013},
  year={2013},
  publisher={IOP Publishing}
}

@article{mcinnes2017hdbscan,
  title={hdbscan: Hierarchical density based clustering},
  author={McInnes, Leland and Healy, John and Astels, Steve},
  journal={Journal of Open Source Software},
  volume={2},
  number={11},
  pages={205},
  year={2017}
}

@misc{Molchanov2021,
  title = {Machine learning approach to pattern recognition in nuclear dynamics from the ab initio symmetry-adapted no-core shell model},
  author={Molchanov, O. M. and Launey, K. D. 
  and Mercenne, A.
  and Sargsyan, G. H. 
  and Dytrych, T. 
  and Draayer, J. P.},
  year={2021},
  eprint={2107.01498},
  archivePrefix={arXiv},
  primaryClass={nuch-th}
}


%%%%%%%%%%%%%%%%%  Proceedings %%%%%%%%%%%%%%%%%%%%%%%%%

@inproceedings{Costiris2008,
      author         = "Costiris, N. J. and Mavrommatis, E. and Gernoth, K. A.   and Clark, J. W. and Li, H.",
      title          = "Statistical Global Modeling of Beta-Decay Halflives Systematics Using Multilayer Feedforward Neural Networks and Support Vector Machines",
      booktitle      = "{17th Symposium of the Hellenic Nuclear Physics Society on Nuclear Physics, Ioannina, Greece, May 30-31, 2008}",
      year           = "2008",
      url={https://arxiv.org/abs/0809.0383}
}


@inproceedings{likhomanenko2015lhcb,
  title={LHCb topological trigger reoptimization},
  author={Likhomanenko, Tatiana and Ilten, Philip and Khairullin, Egor and Rogozhnikov, Alex and Ustyuzhanin, Andrey and Williams, Michael},
  booktitle={Journal of Physics: Conference Series},
  volume={664},
  number={8},
  pages={082025},
  year={2015},
  organization={IOP Publishing}
}



%%%%%%%%%%%%%%%%%  Journal articles  %%%%%%%%%%%%%%%%%%%

@article{Adams2021,
      title={Variational {Monte Carlo} calculations of ${A}\leq 4$ nuclei with an artificial neural-network correlator ansatz}, 
  author = {Adams, C. and Carleo, G. and Lovato, A. and Rocco, N.},
  journal = {Phys. Rev. Lett.},
  volume = {127},
  issue = {2},
  pages = {022502},
  numpages = {6},
  year = {2021},
  month = {Jul},
  publisher = {American Physical Society},
  doi = {10.1103/PhysRevLett.127.022502},
  url = {https://link.aps.org/doi/10.1103/PhysRevLett.127.022502}
}

@misc{Gnech2021,
      title={Nuclei with up to ${A=6}$ nucleons with artificial neural network wave functions}, 
      author={Alex Gnech and Corey Adams and Nicholas Brawand and Giuseppe Carleo and Alessandro Lovato and Noemi Rocco},
      year={2021},
      eprint={2108.06836},
      archivePrefix={arXiv},
      primaryClass={nucl-th}
}


@article{Akkoyun2013,
	Author = {Akkoyun, S. and Bayram, T. and Kara, S. O. and Yildiz, N.},
	Doi = {10.1134/S1547477113060022},
	Isbn = {1531-8567},
	Journal = {Phys. Part. Nucl. Lett.},
	Number = {6},
	Pages = {528--534},
	Title = {Consistent empirical physical formulas for potential energy curves of $^{38-66}${Ti} isotopes by using neural networks},
	Url = {https://doi.org/10.1134/S1547477113060022},
	Volume = {10},
	Year = {2013}
	}

@article{Akkoyun2020,
title = "Estimation of fusion reaction cross-sections by artificial neural networks",
journal = "Nucl. Instrum. Methods Phys. Res. B",
volume = "462",
pages = "51 - 54",
year = "2020",
issn = "0168-583X",
doi = "10.1016/j.nimb.2019.11.014",
url = "http://www.sciencedirect.com/science/article/pii/S0168583X19307700",
author = "S. Akkoyun",
}
	
	
@article{Albertsson2018,
	doi = {10.1088/1742-6596/1085/2/022008},
	url = {https://iopscience.iop.org/article/10.1088/1742-6596/1085/2/022008},
	year = 2018,
	volume = {1085},
	pages = {022008},
	author = {Kim Albertsson and others},
	title = {Machine Learning in High Energy Physics Community White Paper},
	journal = {J. Phys. Conf. Ser.}
}

@article{Almamun2021,
  title = {Combining Electromagnetic and Gravitational-Wave Constraints on Neutron-Star Masses and Radii},
  author = {Al-Mamun, Mohammad and Steiner, Andrew W. and N\"attil\"a, Joonas and Lange, Jacob and O'Shaughnessy, Richard and Tews, Ingo and Gandolfi, Stefano and Heinke, Craig and Han, Sophia},
  journal = {Phys. Rev. Lett.},
  volume = {126},
  issue = {6},
  pages = {061101},
  numpages = {6},
  year = {2021},
  month = {Feb},
  publisher = {American Physical Society},
  doi = {10.1103/PhysRevLett.126.061101},
  url = {https://link.aps.org/doi/10.1103/PhysRevLett.126.061101}
}


@article{Abdel2002,
  title={Comparison of Algorithmic and Machine Learning Approaches for the Automatic Fitting of {Gaussian} Peaks},
  author={R. Abdel-Aal},
  journal={Neural. Comput. Appl.},
  year={2002},
  volume={11},
  pages={17-29},
  doi={10.1007/s005210200012}
}


@article{Abdalaal1997,
author = {R.E Abdel-Aal and M.N Al-Haddad},
title = {Determination of radioisotopes in gamma-ray spectroscopy using abductive machine learning},
journal = {Nucl. Instrum. Methods Phys. Res. A},
volume = {391},
number = {2},
pages = {275-288},
year = {1997},
issn = {0168-9002},
doi = {10.1016/S0168-9002(97)00391-4},
url = {https://www.sciencedirect.com/science/article/pii/S0168900297003914},
}


@article{Ayyad:2018zzl,
    author = "Ayyad, Yassid and Mittig, Wolfgang and Bazin, Daniel and Beceiro-Novo, Saul and Cortesi, Marco",
    title = "Novel particle tracking algorithm based on the Random Sample Consensus Model for the {Active Target Time Projection Chamber (AT-TPC)}",
    doi = "10.1016/j.nima.2017.10.090",
    journal = "Nucl. Instrum. Methods Phys. Res.  A",
    volume = "880",
    pages = "166--173",
    year = "2018"
}

@article{Brown2018,
author = {D.A. Brown and others},
title = {{ENDF/B-VIII.0:} The 8th Major Release of the Nuclear Reaction Data Library with {CIELO}-project Cross Sections, New Standards and Thermal Scattering Data},
journal = {Nucl. Data Sheets},
year = {2018},
volume = {148},
pages = {1-142},
doi={10.1016/j.nds.2018.02.001},
url={https://www.sciencedirect.com/science/article/pii/S0090375218300206}
}

@article{Capano2020,
   title={Stringent constraints on neutron-star radii from multimessenger observations and nuclear theory},
   volume={4},
   ISSN={2397-3366},
   url={http://dx.doi.org/10.1038/s41550-020-1014-6},
   DOI={10.1038/s41550-020-1014-6},
   number={6},
   journal={Nat. Astron.},
   publisher={Springer Science and Business Media LLC},
   author={Capano, Collin D. and Tews, Ingo and Brown, Stephanie M. and Margalit, Ben and De, Soumi and Kumar, Sumit and Brown, Duncan A. and Krishnan, Badri and Reddy, Sanjay},
   year={2020},
   month={Mar},
   pages={625–632}
}



@article{Carleo2019,
  title = {Machine learning and the physical sciences},
  author = {Carleo, Giuseppe and Cirac, Ignacio and Cranmer, Kyle and Daudet, Laurent and Schuld, Maria and Tishby, Naftali and Vogt-Maranto, Leslie and Zdeborov\'a, Lenka},
  journal = {Rev. Mod. Phys.},
  volume = {91},
  issue = {4},
  pages = {045002},
  numpages = {39},
  year = {2019},
  month = {Dec},
  publisher = {American Physical Society},
  doi = {10.1103/RevModPhys.91.045002},
  url = {https://link.aps.org/doi/10.1103/RevModPhys.91.045002}
}
@article{Carnini2020,
	doi = {10.1088/1361-6471/ab92e3},
	url = {https://doi.org/10.1088%2F1361-6471%2Fab92e3},
	year = 2020,
	month = {jul},
	publisher = {{IOP} Publishing},
	volume = {47},
	number = {8},
	pages = {082001},
	author = {M Carnini and A Pastore},
	title = {Trees and forests in nuclear physics},
	journal = {J. Phys. G}
}

@article{Catacora-Rios2019,
      author         = "Catacora-Rios, M. and King, G. B. and Lovell, A. E. and Nunes, F. M.",
      title          = "Exploring experimental conditions to reduce uncertainties in the optical potential",
      journal        = "Phys. Rev. C",
      volume         = "100",
      year           = "2019",
      number         = "6",
      pages          = "064615",
      doi            = "10.1103/PhysRevC.100.064615"
}

@article{Chaloner1995,
 ISSN = {08834237},
 URL = {http://www.jstor.org/stable/2246015},
 author = {Kathryn Chaloner and Isabella Verdinelli},
 journal = {Stat. Sci.},
 number = {3},
 pages = {273--304},
 publisher = {Institute of Mathematical Statistics},
 title = {Bayesian Experimental Design: {A} Review},
 volume = {10},
 year = {1995}
}


@article{Cisbani_2020,
	doi = {10.1088/1748-0221/15/05/p05009},
	url = {https://doi.org/10.1088/1748-0221/15/05/p05009},
	year = 2020,
	month = {may},
	publisher = {{IOP} Publishing},
	volume = {15},
	number = {05},
	pages = {P05009--P05009},
	author = {E. Cisbani and others},
	title = {{AI}-optimized detector design for the future Electron-Ion Collider: the dual-radiator {RICH} case},
	journal = {J. Instrum.},
}

@article{Kchng2017,
  title = {Machine Learning Phases of Strongly Correlated Fermions},
  author = {Ch'ng, Kelvin and Carrasquilla, Juan and Melko, Roger G. and Khatami, Ehsan},
  journal = {Phys. Rev. X},
  volume = {7},
  issue = {3},
  pages = {031038},
  numpages = {9},
  year = {2017},
  month = {Aug},
  publisher = {American Physical Society},
  doi = {10.1103/PhysRevX.7.031038},
  url = {https://link.aps.org/doi/10.1103/PhysRevX.7.031038}
}


@article{Margraf2018,
title = {Making the Coupled Cluster Correlation Energy Machine Learnable}, 
author = {Margraf, Johannes T. and Reuter, Karsten},
journal = {J. Phys. Chem. A},
year = {2018}, 
volume = {122},
pages = {6343},
url={https://pubs.acs.org/doi/abs/10.1021/acs.jpca.8b04455},
doi={10.1021/acs.jpca.8b04455}
}

@article{Liepe2013,
    doi = {10.1371/journal.pcbi.1002888},
    author = {Liepe, Juliane AND Filippi, Sarah AND Komorowski, Michał AND Stumpf, Michael P. H.},
    journal = {PLOS Comput. Biol.},
    title = {Maximizing the Information Content of Experiments in Systems Biology},
    year = {2013},
    month = {01},
    volume = {9},
    url = {https://doi.org/10.1371/journal.pcbi.1002888},
    pages = {1-13},
    number = {1}
}

@article {Dietrich2020,
	author = {Dietrich, Tim and Coughlin, Michael W. and Pang, Peter T. H. and Bulla, Mattia and Heinzel, Jack and Issa, Lina and Tews, Ingo and Antier, Sarah},
	title = {Multimessenger constraints on the neutron-star equation of state and the {Hubble} constant},
	volume = {370},
	number = {6523},
	pages = {1450--1453},
	year = {2020},
	doi = {10.1126/science.abb4317},
	publisher = {American Association for the Advancement of Science},
	issn = {0036-8075},
	URL = {https://science.sciencemag.org/content/370/6523/1450},
	eprint = {https://science.sciencemag.org/content/370/6523/1450.full.pdf},
	journal = {Science}
}


@article{Dunjko2018,
	doi = {10.1088/1361-6633/aab406},
	url = {https://doi.org/10.1088%2F1361-6633%2Faab406},
	year = 2018,
	month = {jun},
	publisher = {{IOP} Publishing},
	volume = {81},
	number = {7},
	pages = {074001},
	author = {Vedran Dunjko and Hans J Briegel},
	title = {Machine learning {\&} artificial intelligence in the quantum domain: a review of recent progress},
	journal = {Rep. Prog. Phys.}
}

@article{Du:2020pmp,
    author = "Du, Yi-Lun and Pablos, Daniel and Tywoniuk, Konrad",
    title = "{Deep learning jet modifications in heavy-ion collisions}",
    eprint = "2012.07797",
    archivePrefix = "arXiv",
    primaryClass = "hep-ph",
    doi = "10.1007/JHEP03(2021)206",
    journal = "JHEP",
    volume = "21",
    pages = "206",
    year = "2020"
}

@article{Du:2021pqa,
    author = "Du, Yi-Lun and Pablos, Daniel and Tywoniuk, Konrad",
    title = "{Jet tomography in heavy ion collisions with deep learning}",
    eprint = "2106.11271",
    archivePrefix = "arXiv",
    primaryClass = "hep-ph",
    month = "6",
    year = "2021"
}

@article{Nattila2017,
	author = {{N\"attil\"a, J.} and {Miller, M. C.} and {Steiner, A. W.} and {Kajava, J. J. E.} and {Suleimanov, V. F.} and {Poutanen, J.}},
	title = {Neutron star mass and radius measurements from atmospheric model fits to {X}-ray burst cooling tail spectra},
	DOI= "10.1051/0004-6361/201731082",
	url= "https://doi.org/10.1051/0004-6361/201731082",
	journal = {A\&A},
	year = 2017,
	volume = 608,
	pages = "A31",
}


@article{Du2019,
  title = {Hot and dense homogeneous nucleonic matter constrained by observations, experiment, and theory},
  author = {Du, Xingfu and Steiner, Andrew W. and Holt, Jeremy W.},
  journal = {Phys. Rev. C},
  volume = {99},
  issue = {2},
  pages = {025803},
  numpages = {14},
  year = {2019},
  month = {Feb},
  publisher = {American Physical Society},
  doi = {10.1103/PhysRevC.99.025803},
  url = {https://link.aps.org/doi/10.1103/PhysRevC.99.025803}
}


@article{Ekstrom2019,
	doi = {10.1088/1361-6471/ab2b14},
	url = {https://doi.org/10.1088%2F1361-6471%2Fab2b14},
	year = 2019,
	volume = {46},
	number = {9},
	pages = {095101},
	author = {A Ekström and C Forss{\'{e}}n and C Dimitrakakis and D Dubhashi and H T Johansson and A S Muhammad and H Salomonsson and A Schliep},
	title = {Bayesian optimization in ab initio nuclear physics},
	journal = {J. Phys. G}
}
@article{Doucet2020,
title = {Machine learning n/$\gamma$ discrimination in {CLYC} scintillators},
journal = {Nucl. Instrum. Methods Phys. Res. A},
volume = {954},
pages = {161201},
year = {2020},
issn = {0168-9002},
doi = {10.1016/j.nima.2018.09.036},
url = {https://www.sciencedirect.com/science/article/pii/S016890021831180X},
author = {E. Doucet and T. Brown and P. Chowdhury and C.J. Lister and C. Morse and P.C. Bender and A.M. Rogers},}
}
@article{Ekstrom2019a,
  title = {Global Sensitivity Analysis of Bulk Properties of an Atomic Nucleus},
  author = {Ekstr\"om, Andreas and Hagen, Gaute},
  journal = {Phys. Rev. Lett.},
  volume = {123},
  issue = {25},
  pages = {252501},
  numpages = {6},
  year = {2019},
  month = {Dec},
  publisher = {American Physical Society},
  doi = {10.1103/PhysRevLett.123.252501},
  url = {https://link.aps.org/doi/10.1103/PhysRevLett.123.252501}
}
@article{Fox2020,
  title = {Uncertainty quantification of an empirical shell-model interaction using principal component analysis},
  author = {Fox, Jordan M. R. and Johnson, Calvin W. and Perez, Rodrigo Navarro},
  journal = {Phys. Rev. C},
  volume = {101},
  issue = {5},
  pages = {054308},
  numpages = {13},
  year = {2020},
  month = {May},
  publisher = {American Physical Society},
  doi = {10.1103/PhysRevC.101.054308},
  url = {https://link.aps.org/doi/10.1103/PhysRevC.101.054308}
}


@article{Furnstahl2020,
   title={Efficient emulators for scattering using eigenvector continuation},
   volume={809},
   ISSN={0370-2693},
   url={http://dx.doi.org/10.1016/j.physletb.2020.135719},
   DOI={10.1016/j.physletb.2020.135719},
   journal={Phys. Lett. B},
   publisher={Elsevier BV},
   author={Furnstahl, R.J. and Garcia, A.J. and Millican, P.J. and Zhang, Xilin},
   year={2020},
   month={Oct},
   pages={135719}
}


@article{Gazula1992,
title = "Learning and prediction of nuclear stability by neural networks",
journal = "Nucl. Phys. A",
volume = "540",
number = "1",
pages = "1 - 26",
year = "1992",
issn = "0375-9474",
doi = "10.1016/0375-9474(92)90191-L",
url = "http://www.sciencedirect.com/science/article/pii/037594749290191L",
author = "S. Gazula and J.W. Clark and H. Bohr"
}

@article{Gernoth1993,
title = "Neural network models of nuclear systematics",
journal = "Phys. Lett. B",
volume = "300",
number = "1",
pages = "1 - 7",
year = "1993",
doi = "10.1016/0370-2693(93)90738-4",
url = "http://www.sciencedirect.com/science/article/pii/0370269393907384",
author = "K.A. Gernoth and J.W. Clark and J.S. Prater and H. Bohr"
}

@article{Cybenko1989,
author = {Cybenko, G.},
title ={Approximation by Superpositions of a Sigmoidal Function},
journal = {Math. Control Signals Syst.},
year = {1989},
volume = {2},
pages = {303},
url={https://link.springer.com/article/10.1007/BF02551274},
doi={10.1007/BF02551274}
} 


@article{Gladen2020,
title = {Efficient machine learning approach for optimizing the timing resolution of a high purity germanium detector},
journal = {Nucl. Instrum. Methods Phys. Res. A},
volume = {981},
pages = {164505},
year = {2020},
issn = {0168-9002},
doi = {10.1016/j.nima.2020.164505},
url = {https://www.sciencedirect.com/science/article/pii/S0168900220309025},
author = {R.W. Gladen and V.A. Chirayath and A.J. Fairchild and M.T. Manry and A.R. Koymen and A.H. Weiss},
}

@article{Geesaman:2015fha,
      author         = "Aprahamian, Ani and others",
      title          = "{Reaching for the horizon: The 2015 long range plan for nuclear science}",
      year           = "2015",
      SLACcitation   = "%%CITATION = INSPIRE-1398831;%%"
}
@article{Goriely2014,
  title = {Uncertainties of mass extrapolations in {Hartree-Fock-Bogoliubov} mass models},
  author = {Goriely, S. and Capote, R.},
  journal = {Phys. Rev. C},
  volume = {89},
  issue = {5},
  pages = {054318},
  numpages = {8},
  year = {2014},
  month = {May},
  publisher = {American Physical Society},
  doi = {10.1103/PhysRevC.89.054318},
  url = {https://link.aps.org/doi/10.1103/PhysRevC.89.054318}
}

@article{Guven2020,
  title = {Multimessenger and multiphysics {Bayesian inference for the GW170817} binary neutron star merger},
  author = {G\"uven, H. and Bozkurt, K. and Khan, E. and Margueron, J.},
  journal = {Phys. Rev. C},
  volume = {102},
  issue = {1},
  pages = {015805},
  numpages = {18},
  year = {2020},
  month = {Jul},
  publisher = {American Physical Society},
  doi = {10.1103/PhysRevC.102.015805},
  url = {https://link.aps.org/doi/10.1103/PhysRevC.102.015805}
}


@article{Hautier2010,
	author = {Hautier, Geoffroy and Fischer, Christopher C. and Jain, Anubhav and Mueller, Tim and Ceder, Gerbrand},
	doi = {10.1021/cm100795d},
	journal = {Chem. Mater.},
	month = {06},
	number = {12},
	pages = {3762--3767},
	publisher = {American Chemical Society},
	title = {Finding Nature's Missing Ternary Oxide Compounds Using Machine Learning and Density Functional Theory},
	url = {https://doi.org/10.1021/cm100795d},
	volume = {22},
	year = {2010}
}


@article{Heim2020,
  title = {Constraining nuclear properties in $^{94}\mathrm{Mo}$ via a $^{93}\mathrm{Nb}(p,\ensuremath{\gamma})^{94}\mathrm{Mo}$ total cross section measurement},
  author = {Heim, F. and Scholz, P. and Mayer, J. and M\"uller, M. and Zilges, A.},
  journal = {Phys. Rev. C},
  volume = {101},
  issue = {3},
  pages = {035807},
  numpages = {10},
  year = {2020},
  month = {Mar},
  publisher = {American Physical Society},
  doi = {10.1103/PhysRevC.101.035807},
  url = {https://link.aps.org/doi/10.1103/PhysRevC.101.035807}
}

@article{Huang:2021iux,
    author = "Huang, Yi-Ge and Pang, Long-Gang and Luo, Xiaofeng and Wang, Xin-Nian",
    title = "{Probing criticality with deep learning in relativistic heavy-ion collisions}",
    eprint = "2107.11828",
    archivePrefix = "arXiv",
    primaryClass = "nucl-th",
    month = "7",
    year = "2021"
}

@article{He:2021uko,
    author = "He, Junjie and He, Wan-Bing and Ma, Yu-Gang and Zhang, Song",
    title = "{Machine-learning-based identification for initial clustering structure in relativistic heavy-ion collisions}",
    eprint = "2109.06277",
    archivePrefix = "arXiv",
    primaryClass = "hep-ph",
    month = "9",
    year = "2021"
}
@misc{Jay2020,
      title={Bayesian model averaging for analysis of lattice field theory results}, 
  author = {Jay, William I. and Neil, Ethan T.},
  journal = {Phys. Rev. D},
  volume = {103},
  issue = {11},
  pages = {114502},
  numpages = {17},
  year = {2021},
  month = {Jun},
  publisher = {American Physical Society},
  doi = {10.1103/PhysRevD.103.114502},
  url = {https://link.aps.org/doi/10.1103/PhysRevD.103.114502}
}


@article{Jiang2019,
  title = {Extrapolation of nuclear structure observables with artificial neural networks},
  author = {Jiang, W. G. and Hagen, G. and Papenbrock, T.},
  journal = {Phys. Rev. C},
  volume = {100},
  issue = {5},
  pages = {054326},
  numpages = {9},
  year = {2019},
  month = {Nov},
  publisher = {American Physical Society},
  doi = {10.1103/PhysRevC.100.054326},
  url = {https://link.aps.org/doi/10.1103/PhysRevC.100.054326}
}

@article{Jiang2020,
	author={Jiang, Chunheng and Szymanski, Boleslaw and Lian, Jie and Havlin, Shlomo and Gao, Jianxi},
	title={Nuclear Reaction Network Unveils Novel Reaction Patterns Based on Stellar Energies},
	journal={New J. Phys.},
	url={http://iopscience.iop.org/article/10.1088/1367-2630/ac1a3d},
	doi={10.1088/1367-2630/ac1a3d},
	year={2021}
}

@ARTICLE{Kamuda2017,
  author={Kamuda, M. and Stinnett, J. and Sullivan, C. J.},
  journal={IEEE Trans. Nucl. Sci.}, 
  title={Automated Isotope Identification Algorithm Using Artificial Neural Networks}, 
  year={2017},
  volume={64},
  number={7},
  pages={1858-1864},
  doi={10.1109/TNS.2017.2693152}
  }



@article{Kamuda2018,
title = {An automated isotope identification and quantification algorithm for isotope mixtures in low-resolution gamma-ray spectra},
author = {Kamuda, M. and Sullivan, C. J.},
doi = {10.1016/j.radphyschem.2018.06.017},
journal = {Radiat. Phys. Chem.},
volume = 155,
year = {2018},
month = {6}
}

@article{Kamuda2020,
title = {A comparison of machine learning methods for automated gamma-ray spectroscopy},
journal = {Nucl. Instr. Meth. Phys. Res. A},
volume = {954},
pages = {161385},
year = {2020},
issn = {0168-9002},
doi = {10.1016/j.nima.2018.10.063},
url = {https://www.sciencedirect.com/science/article/pii/S0168900218313779},
author = {M. Kamuda and J. Zhao and K. Huff}
}

@article{Keeble2020,
   title={Machine learning the deuteron},
   volume={809},
   ISSN={0370-2693},
   url={http://dx.doi.org/10.1016/j.physletb.2020.135743},
   DOI={10.1016/j.physletb.2020.135743},
   journal={Phys. Lett. B},
   publisher={Elsevier BV},
   author={Keeble, J.W.T. and Rios, A.},
   year={2020},
   month={Oct},
   pages={135743}
}

@article{Kejzlar2020,
	doi = {10.1088/1361-6471/ab907c},
	year = 2020,
	volume = {47},
	pages = {094001},
	author = {Kejzlar, V. and Neufcourt, L. and Nazarewicz, W. and Reinhard, P.-G.},
	title = {Statistical aspects of nuclear mass models},
	url={https://iopscience.iop.org/article/10.1088/1361-6471/ab907c},
	journal = {J. Phys. G}
}

@article{King2019,
      author         = "King, G. B. and Lovell, A. E. and Neufcourt, L. and Nunes, F. M.",
      title          = "{Direct comparison between Bayesian and frequentist uncertainty quantification for nuclear reactions}",
      journal        = "Phys. Rev. Lett.",
      volume         = "122",
      year           = "2019",
      number         = "23",
      pages          = "232502",
      doi            = "10.1103/PhysRevLett.122.232502"
}

@article{Konig2020,
   title={Eigenvector continuation as an efficient and accurate emulator for uncertainty quantification},
   volume={810},
   ISSN={0370-2693},
   url={http://dx.doi.org/10.1016/j.physletb.2020.135814},
   DOI={10.1016/j.physletb.2020.135814},
   journal={Phys. Lett. B},
   publisher={Elsevier BV},
   author={König, S. and Ekström, A. and Hebeler, K. and Lee, D. and Schwenk, A.},
   year={2020},
   month={Nov},
   pages={135814}
}

@Article{Kortelainen2014,
  title = {Nuclear energy density optimization: {Shell} structure},
  author = {Kortelainen, M. and McDonnell, J. and Nazarewicz, W. and Olsen, E. and Reinhard, P.-G. and Sarich, J. and Schunck, N. and Wild, S. M. and Davesne, D. and Erler, J. and Pastore, A.},
  journal = {Phys. Rev. C},
  volume = {89},
  issue = {5},
  pages = {054314},
  numpages = {16},
  year = {2014},
  month = {May},
  publisher = {American Physical Society},
  doi = {10.1103/PhysRevC.89.054314},
  url = {https://link.aps.org/doi/10.1103/PhysRevC.89.054314}
}

@article{Kravvaris2020,
  title = {Quantifying uncertainties in neutron-$\ensuremath{\alpha}$ scattering with chiral nucleon-nucleon and three-nucleon forces},
  author = {Kravvaris, K. and Quinlan, K. R. and Quaglioni, S. and Wendt, K. A. and Navr\'atil, P.},
  journal = {Phys. Rev. C},
  volume = {102},
  issue = {2},
  pages = {024616},
  numpages = {11},
  year = {2020},
  month = {Aug},
  publisher = {American Physical Society},
  doi = {10.1103/PhysRevC.102.024616},
  url = {https://link.aps.org/doi/10.1103/PhysRevC.102.024616}
}

@article{Kuchera:2018djs,
    author = "Kuchera, M. P. and Ramanujan, R. and Taylor, J. Z. and Strauss, R. R. and Bazin, D. and Bradt, J. and Chen, R.",
    title = "Machine Learning Methods for Track Classification in the {AT-TPC}",
    doi = "10.1016/j.nima.2019.05.097",
    journal = "Nucl. Instrum. Meth. Phys. Res. A",
    volume = "940",
    pages = "156--167",
    year = "2019"
}

@article{Larkoski2020,
    title = "Jet substructure at the {Large Hadron Collider}: {A} review of recent advances in theory and machine learning",
    journal = "Phys. Rep.",
    volume = "841",
    pages = "1 - 63",
    year = "2020",
    issn = "0370-1573",
    doi = "10.1016/j.physrep.2019.11.001",
    url = "http://www.sciencedirect.com/science/article/pii/S0370157319303643",
    author = "A. J. Larkoski and I. Moult and B. Nachman"
}

@article{Lasseri2020,
  title = {Taming Nuclear Complexity with a Committee of Multilayer Neural Networks},
  author = {Lasseri, R.D. and Regnier, D. and Ebran, J.P. and Penon, A.},
  journal = {Phys. Rev. Lett.},
  volume = {124},
  issue = {16},
  pages = {162502},
  numpages = {5},
  year = {2020},
  month = {Apr},
  publisher = {American Physical Society},
  doi = {10.1103/PhysRevLett.124.162502},
  url = {https://link.aps.org/doi/10.1103/PhysRevLett.124.162502}
}

@article{Li2020,
	doi = {10.1088/1361-6471/abb1f9},
	url = {https://doi.org/10.1088%2F1361-6471%2Fabb1f9},
	year = 2020,
	month = {oct},
	publisher = {{IOP} Publishing},
	volume = {47},
	number = {11},
	pages = {115104},
	author = {F. Li and Y. Wang and H. Lü and P. Li and Q. Li and F. Liu},
	title = {Application of artificial intelligence in the determination of impact parameter in heavy-ion collisions at intermediate energies},
	journal = {J. Phys. G}
}

@article{Lim2019,
	Author = {Lim, Y. and Holt, J. W.},
	Doi = {10.1140/epja/i2019-12917-9},
	Journal = {Eur. Phys. J. A},
	Number = {11},
	Pages = {209},
	Title = {Bayesian modeling of the nuclear equation of state for neutron star tidal deformabilities and {GW170817}},
	Url = {https://doi.org/10.1140/epja/i2019-12917-9},
	Volume = {55},
	Year = {2019}
	}
	
@article{Liu2020,
   title={Network structure of thermonuclear reactions in nuclear landscape},
   volume={63},
   ISSN={1869-1927},
   url={http://dx.doi.org/10.1007/s11433-020-1552-2},
   DOI={10.1007/s11433-020-1552-2},
   number={11},
   journal={Sci. China Phys. Mech.},
   publisher={Springer Science and Business Media LLC},
   author={Liu, H. and Han, D. and Ma, Y. and Zhu, L.},
   year={2020},
   month={Apr}
}

@article{ye2008applying,
	doi = {10.1088/1674-1137/32/3/008},
	url = {https://doi.org/10.1088/1674-1137/32/3/008},
	year = 2008,
	volume = {32},
	number = {3},
	pages = {201--204},
	author = {Xu Ye and Hou Jian and Zhu Kai-En},
	title = {Applying {Bayesian} neural networks to identify pion, kaon and proton in {BESII}},
	journal = {Chin. Phys. C},
}
	
	
@article{Lovell2018,
      author         = "Lovell, A. E. and Nunes, F. M.",
      title          = "Constraining Transfer Cross Sections Using {Bayes' } Theorem",
      journal        = "Phys. Rev. C",
      volume         = "97",
      year           = "2018",
      number         = "6",
      pages          = "064612",
      doi            = "10.1103/PhysRevC.97.064612"
}

@article{Lovell2019,
  title = {Constraining Fission Yields Using Machine Learning},
  author = {A. Lovell and A.  Mohan and P.  Talou and M. Chertkov},
  journal = {Eur. Phys. J Web Conf.},
  volume = {211},
  pages = {04006},
  numpages = {8},
  year = {2019},
  doi = {10.1051/epjconf/201921104006},
  url = {https://doi.org/10.1051/epjconf/201921104006}
}

@article{Lovell2020,
	doi = {10.1088/1361-6471/ab9f58},
	url = {https://doi.org/10.1088%2F1361-6471%2Fab9f58},
	year = 2020,
	month = {sep},
	publisher = {{IOP} Publishing},
	volume = {47},
	number = {11},
	pages = {114001},
	author = {A E Lovell and A T Mohan and P Talou},
	title = {Quantifying uncertainties on fission fragment mass yields with mixture density networks},
	journal = {J. Phys. G}
}

@article{Lovell2020a,
   title={Recent advances in the quantification of uncertainties in reaction theory},
   ISSN={1361-6471},
   url={http://dx.doi.org/10.1088/1361-6471/abba72},
   DOI={10.1088/1361-6471/abba72},
   journal={J.  Phys. G},
   publisher={IOP Publishing},
   author={Lovell, A. and Nunes, F. M and Catacora-Rios, M. and King, G.},
   year={2020}
}

@inproceedings{lundberg2017,
      title={A Unified Approach to Interpreting Model Predictions}, 
      author={S.M. Lundberg and S.I. Lee},
year = {2017},
isbn = {9781510860964},
publisher = {Curran Associates Inc.},
address = {Red Hook, NY, USA},
booktitle = {Proceedings of the 31st International Conference on Neural Information Processing Systems},
pages = {4768–4777},
numpages = {10},
location = {Long Beach, California, USA},
series = {NIPS'17},
url={https://dl.acm.org/doi/10.5555/3295222.3295230}
}

@article{Ma2020,
	doi = {10.1088/1674-1137/44/1/014104},
	url = {https://doi.org/10.1088%2F1674-1137%2F44%2F1%2F014104},
	year = 2020,
	volume = {44},
	number = {1},
	pages = {014104},
	author = {C.W. Ma and D. Peng and H.L. Wei and Z.M. Niu and Y.T. Wang and R. Wada},
	title = {Isotopic cross-sections in proton induced spallation reactions based on the {Bayesian} neural network method},
	journal = {Chin. Phys. C}
}

@article{Ma2020a,
  title = {Predictions of nuclear charge radii and physical interpretations based on the naive {Bayesian} probability classifier},
  author = {Ma, Y. and Su, C. and Liu, J. and Ren, Z. and Xu, C. and Gao, Y.},
  journal = {Phys. Rev. C},
  volume = {101},
  issue = {1},
  pages = {014304},
  numpages = {9},
  year = {2020},
  month = {Jan},
  publisher = {American Physical Society},
  doi = {10.1103/PhysRevC.101.014304},
  url = {https://link.aps.org/doi/10.1103/PhysRevC.101.014304}
}

@article{Liu2021,
  title = {Improved naive {Bayesian} probability classifier in predictions of nuclear mass},
  author = {Liu, Y. and Su, C. and Liu, J. and Danielewicz, P. and Xu, C. and Ren, Z.},
  journal = {Phys. Rev. C},
  volume = {104},
  issue = {1},
  pages = {014315},
  numpages = {9},
  year = {2021},
  month = {Jul},
  publisher = {American Physical Society},
  doi = {10.1103/PhysRevC.104.014315},
  url = {https://link.aps.org/doi/10.1103/PhysRevC.104.014315}
}

@article{Magilligan2020,
  title = {New isospin-breaking ``{USD}'' {Hamiltonians} for the sd shell},
  author = {Magilligan, A. and Brown, B. A.},
  journal = {Phys. Rev. C},
  volume = {101},
  issue = {6},
  pages = {064312},
  numpages = {15},
  year = {2020},
  month = {Jun},
  publisher = {American Physical Society},
  doi = {10.1103/PhysRevC.101.064312},
  url = {https://link.aps.org/doi/10.1103/PhysRevC.101.064312}
}



@article{Margueron2018a,
  title = {Equation of state for dense nucleonic matter from metamodeling. {I. Foundational} aspects},
  author = {Margueron, J. and Casali, H.R. and Gulminelli, Francesca},
  journal = {Phys. Rev. C},
  volume = {97},
  issue = {2},
  pages = {025805},
  numpages = {28},
  year = {2018},
  month = {Feb},
  publisher = {American Physical Society},
  doi = {10.1103/PhysRevC.97.025805},
  url = {https://link.aps.org/doi/10.1103/PhysRevC.97.025805}
}

@article{Margueron2018,
  title = {Equation of state for dense nucleonic matter from metamodeling. {II. Predictions} for neutron star properties},
  author = {Margueron, J. and Casali, H.R.  and Gulminelli, F.},
  journal = {Phys. Rev. C},
  volume = {97},
  issue = {2},
  pages = {025806},
  numpages = {24},
  year = {2018},
  month = {Feb},
  publisher = {American Physical Society},
  doi = {10.1103/PhysRevC.97.025806},
  url = {https://link.aps.org/doi/10.1103/PhysRevC.97.025806}
}

@article{Medhatc2012,
title = {Artificial intelligence methods applied for quantitative analysis of natural radioactive sources},
journal = {Ann. Nucl. Energy},
volume = {45},
pages = {73-79},
year = {2012},
issn = {0306-4549},
doi = {10.1016/j.anucene.2012.02.013},
url = {https://www.sciencedirect.com/science/article/pii/S030645491200059X},
author = {M.E. Medhat},
}

@article{Melendez2021,
    title = "Designing Optimal Experiments: {An} Application to Proton {Compton} Scattering",
	author = {Melendez, J. A. and Furnstahl, R. J. and Grie{\ss}hammer, H. W. and McGovern, J. A. and Phillips, D. R. and Pratola, M. T.},
	doi = {10.1140/epja/s10050-021-00382-2},
	journal = {Eur. Phys. J. A},
	number = {3},
	pages = {81},
	url = {https://doi.org/10.1140/epja/s10050-021-00382-2},
	volume = {57},
	year = {2021}
}
	
@article{McDonnell2015,
  title = {Uncertainty Quantification for Nuclear Density Functional Theory and Information Content of New Measurements},
  author = {McDonnell, J. D. and Schunck, N. and Higdon, D. and Sarich, J. and Wild, S. M. and Nazarewicz, W.},
  journal = {Phys. Rev. Lett.},
  volume = {114},
  issue = {12},
  pages = {122501},
  numpages = {6},
  year = {2015},
  month = {Mar},
  publisher = {American Physical Society},
  doi = {10.1103/PhysRevLett.114.122501},
  url = {https://link.aps.org/doi/10.1103/PhysRevLett.114.122501}
}

@article{Higdon2015,
  author  = {D. Higdon and J. D. McDonnell and N. Schunck and J. Sarich and S. M. Wild},
  title   = {A {Bayesian} Approach for Parameter Estimation and Prediction using a Computationally Intensive Model},
  journal = {J. Phys. G},
  year    = {2015},
  volume  = {42},
  number  = {3},
  pages   = {034009},
  doi     = {10.1088/0954-3899/42/3/034009},
  url={https://iopscience.iop.org/article/10.1088/0954-3899/42/3/034009/pdf}
}

	
@article{Mehta2019,
    title = "A high-bias, low-variance introduction to Machine Learning for physicists",
    journal = "Phys. Rep.",
    author = "P. Mehta and M. Bukov and C.H. Wang and A. G.R. Day and C. Richardson and C. K. Fisher and D. J. Schwab",
    volume = "810",
    pages = "1 - 124",
    year = "2019",
    issn = "0370-1573",
    doi = "10.1016/j.physrep.2019.03.001",
    url = "http://www.sciencedirect.com/science/article/pii/S0370157319300766"
}

@article{Melendez2017,
  title = {Bayesian truncation errors in chiral effective field theory: {Nucleon-nucleon} observables},
  author = {Melendez, J. A. and Wesolowski, S. and Furnstahl, R. J.},
  journal = {Phys. Rev. C},
  volume = {96},
  issue = {2},
  pages = {024003},
  numpages = {22},
  year = {2017},
  month = {Aug},
  publisher = {American Physical Society},
  doi = {10.1103/PhysRevC.96.024003},
  url = {https://link.aps.org/doi/10.1103/PhysRevC.96.024003}
}

@article{Melendez2019,
  title = {Quantifying correlated truncation errors in effective field theory},
  author = {Melendez, J. A. and Furnstahl, R. J. and Phillips, D. R. and Pratola, M. T. and Wesolowski, S.},
  journal = {Phys. Rev. C},
  volume = {100},
  issue = {4},
  pages = {044001},
  numpages = {22},
  year = {2019},
  month = {Oct},
  publisher = {American Physical Society},
  doi = {10.1103/PhysRevC.100.044001},
  url = {https://link.aps.org/doi/10.1103/PhysRevC.100.044001}
}

@article{Michaud2019,
author = {Isaac Michaud and Noah Kleedtke and  Jesson Hutchinson and  Travis Smith and Robert Little and Travis Grove and  Michael Rising},
title = {Designing Critical Experiments Using {G}aussian Process Optimization},
journal = {Trans. Am. Nuc. Soc.},
year = {2019},
volume = {121},
pages = {1035-1038},
doi={10.13182/T31031}
}

@article{Miller2019,
	doi = {10.3847/1538-4357/ab4ef9},
	url = {https://doi.org/10.3847/1538-4357/ab4ef9},
	year = 2019,
	month = {dec},
	publisher = {American Astronomical Society},
	volume = {888},
	journal = {ApJ},
	number = {1},
	pages = {12},
	author = {M. C. Miller and C. Chirenti and F. K. Lamb},
	title = {Constraining the Equation of State of High-density Cold Matter Using Nuclear and Astronomical Measurements}
}

@article{Morfouace2019,
title = "Constraining the symmetry energy with heavy-ion collisions and {Bayesian} analyses",
journal = "Phys. Lett.  B",
volume = "799",
pages = "135045",
year = "2019",
issn = "0370-2693",
doi = "10.1016/j.physletb.2019.135045",
url = "http://www.sciencedirect.com/science/article/pii/S0370269319307671",
author = "P. Morfouace and C.Y. Tsang and Y. Zhang and W.G. Lynch and M.B. Tsang and D.D.S. Coupland and M. Youngs and Z. Chajecki and M.A. Famiano and T.K. Ghosh and G. Jhang and Jenny Lee and H. Liu and A. Sanetullaev and R. Showalter and J. Winkelbauer"
}


@article{Muller2003,
title = "Artificial intelligence - applications in high energy and nuclear physics",
journal={Nucl. Instrum. Methods Phys. Res.  A},
volume = "502",
number = "2",
pages = "811 - 814",
year = "2003",
doi = "10.1016/S0168-9002(03)00607-7",
url = "http://www.sciencedirect.com/science/article/pii/S0168900203006077",
author = "U. Muller"
}

@article{Navarro2015,
  title = {Statistical error propagation in ab initio no-core full configuration calculations of light nuclei},
  author = {Navarro P\'erez, R. and Amaro, J. E. and Ruiz Arriola, E. and Maris, P. and Vary, J. P.},
  journal = {Phys. Rev. C},
  volume = {92},
  issue = {6},
  pages = {064003},
  numpages = {6},
  year = {2015},
  month = {Dec},
  publisher = {American Physical Society},
  doi = {10.1103/PhysRevC.92.064003},
  url = {https://link.aps.org/doi/10.1103/PhysRevC.92.064003}
}


@article{Navarro2018,
  title = {Microscopically based energy density functionals for nuclei using the density matrix expansion. {II. Full} optimization and validation},
  author = {Navarro P\'erez, R. and Schunck, N. and Dyhdalo, A. and Furnstahl, R. J. and Bogner, S. K.},
  journal = {Phys. Rev. C},
  volume = {97},
  issue = {5},
  pages = {054304},
  numpages = {18},
  year = {2018},
  month = {May},
  publisher = {American Physical Society},
  doi = {10.1103/PhysRevC.97.054304},
  url = {https://link.aps.org/doi/10.1103/PhysRevC.97.054304}
}

@article{Negoita2019,
  title = {Deep learning: Extrapolation tool for ab initio nuclear theory},
  author = {Negoita, G. A. and Vary, J. P. and Luecke, G. R. and Maris, P. and Shirokov, A. M. and Shin, I. J. and Kim, Y. and Ng, E. G. and Yang, C. and Lockner, M. and Prabhu, G. M.},
  journal = {Phys. Rev. C},
  volume = {99},
  issue = {5},
  pages = {054308},
  numpages = {11},
  year = {2019},
  month = {May},
  publisher = {American Physical Society},
  doi = {10.1103/PhysRevC.99.054308},
  url = {https://link.aps.org/doi/10.1103/PhysRevC.99.054308}
}

@article{Neudecker2020,
title = {Enhancing nuclear data validation analysis by using machine learning},
journal = {Nucl. Data Sheets},
volume = {167},
pages = {36-60},
year = {2020},
issn = {0090-3752},
doi = {10.1016/j.nds.2020.07.002},
url = {https://www.sciencedirect.com/science/article/pii/S0090375220300247},
author = {D. Neudecker and M. Grosskopf and M. Herman and W. Haeck and P. Grechanuk and S. {Vander Wiel} and M.E. Rising and A.C. Kahler and N. Sly and P. Talou},
}
@article{Neudecker2021,
  title = {Informing nuclear physics via machine learning methods with differential and integral experiments},
  author = {Neudecker, Denise and Cabellos, Oscar and Clark, Alexander R. and Grosskopf, Michael J. and Haeck, Wim and Herman, Michal W. and Hutchinson, Jesson and Kawano, Toshihiko and Lovell, Amy E. and Stetcu, Ionel and Talou, Patrick and Vander Wiel, Scott},
  journal = {Phys. Rev. C},
  volume = {104},
  issue = {3},
  pages = {034611},
  numpages = {13},
  year = {2021},
  month = {Sep},
  publisher = {American Physical Society},
  doi = {10.1103/PhysRevC.104.034611},
  url = {https://link.aps.org/doi/10.1103/PhysRevC.104.034611}
}
@article{Neufcourt2018,
  title = {Bayesian approach to model-based extrapolation of nuclear observables},
  author = {Neufcourt, L. and Cao, Y. and Nazarewicz, W. and Viens, F.},
  journal = {Phys. Rev. C},
  volume = {98},
  issue = {3},
  pages = {034318},
  numpages = {17},
  year = {2018},
  month = {Sep},
  publisher = {American Physical Society},
  doi = {10.1103/PhysRevC.98.034318},
  url = {https://link.aps.org/doi/10.1103/PhysRevC.98.034318}
}

@article{Neufcourt2019a,
  title = {Neutron Drip Line in the {Ca} Region from {Bayesian} Model Averaging},
  author = {Neufcourt, L. and Cao, Y. and Nazarewicz, W. and Olsen, E. and Viens, F.},
  journal = {Phys. Rev. Lett.},
  volume = {122},
  issue = {6},
  pages = {062502},
  numpages = {6},
  year = {2019},
  month = {Feb},
  publisher = {American Physical Society},
  doi = {10.1103/PhysRevLett.122.062502},
  url = {https://link.aps.org/doi/10.1103/PhysRevLett.122.062502}
}

@article{Neufcourt2020,
  title = {Beyond the proton drip line: {Bayesian} analysis of proton-emitting nuclei},
  author = {Neufcourt, L. and Cao, Y. and Giuliani, S. and Nazarewicz, W. and Olsen, E. and Tarasov, O. B.},
  journal = {Phys. Rev. C},
  volume = {101},
  issue = {1},
  pages = {014319},
  numpages = {11},
  year = {2020},
  month = {Jan},
  publisher = {American Physical Society},
  doi = {10.1103/PhysRevC.101.014319},
  url = {https://link.aps.org/doi/10.1103/PhysRevC.101.014319}
}



@article{Neufcourt2020a,
  title = {Quantified limits of the nuclear landscape},
  author = {Neufcourt, L. and Cao, Y. and Giuliani, S. A. and Nazarewicz, W. and Olsen, E. and Tarasov, O. B.},
  journal = {Phys. Rev. C},
  volume = {101},
  issue = {4},
  pages = {044307},
  numpages = {8},
  year = {2020},
  month = {Apr},
  publisher = {American Physical Society},
  doi = {10.1103/PhysRevC.101.044307},
  url = {https://link.aps.org/doi/10.1103/PhysRevC.101.044307}
}


@article{Niu2018,
title = "Nuclear mass predictions based on {Bayesian} neural network approach with pairing and shell effects ",
journal = "Phys. Lett. B ",
volume = "778",
pages = "48 - 53",
year = "2018",
issn = "0370-2693",
doi = "10.1016/j.physletb.2018.01.002",
url = "http://www.sciencedirect.com/science/article/pii/S0370269318300091",
author = "Z.M. Niu and H.Z. Liang"
}

@article{Niu2018a,
  title = {Predictions of nuclear $\ensuremath{\beta}$-decay half-lives with machine learning and their impact on $r$-process nucleosynthesis},
  author = {Niu, Z. M. and Liang, H. Z. and Sun, B. H. and Long, W. H. and Niu, Y. F.},
  journal = {Phys. Rev. C},
  volume = {99},
  issue = {6},
  pages = {064307},
  numpages = {7},
  year = {2019},
  month = {Jun},
  publisher = {American Physical Society},
  doi = {10.1103/PhysRevC.99.064307},
  url = {https://link.aps.org/doi/10.1103/PhysRevC.99.064307}
}


@article{Niu2019,
  title = {Comparative study of radial basis function and {Bayesian} neural network approaches in nuclear mass predictions},
  author = {Niu, Z. M. and Fang, J. Y. and Niu, Y. F.},
  journal = {Phys. Rev. C},
  volume = {100},
  issue = {5},
  pages = {054311},
  numpages = {9},
  year = {2019},
  month = {Nov},
  publisher = {American Physical Society},
  doi = {10.1103/PhysRevC.100.054311},
  url = {https://link.aps.org/doi/10.1103/PhysRevC.100.054311}
}

@article{Newton2021,
  title = {Nuclear symmetry energy from neutron skins and pure neutron matter in a {Bayesian} framework},
  author = {Newton, W. G. and Crocombe, G.},
  journal = {Phys. Rev. C},
  volume = {103},
  issue = {6},
  pages = {064323},
  numpages = {18},
  year = {2021},
  month = {Jun},
  publisher = {American Physical Society},
  doi = {10.1103/PhysRevC.103.064323},
  url = {https://link.aps.org/doi/10.1103/PhysRevC.103.064323}
}


@article{Pastore2020,
  title = {Impact of statistical uncertainties on the composition of the outer crust of a neutron star},
  author = {Pastore, A. and Neill, D. and Powell, H. and Medler, K. and Barton, C.},
  journal = {Phys. Rev. C},
  volume = {101},
  issue = {3},
  pages = {035804},
  numpages = {8},
  year = {2020},
  month = {Mar},
  publisher = {American Physical Society},
  doi = {10.1103/PhysRevC.101.035804},
  url = {https://link.aps.org/doi/10.1103/PhysRevC.101.035804}
}

@article{Pang:2019aqb,
    author = "Pang, Long-Gang and Zhou, Kai and Wang, Xin-Nian",
    title = "{Interpretable deep learning for nuclear deformation in heavy ion collisions}",
    eprint = "1906.06429",
    archivePrefix = "arXiv",
    primaryClass = "nucl-th",
    month = "6",
    year = "2019"
}

@article{Qiao2021,
  title = {Bayesian evaluation of charge yields of fission fragments of $^{239}\mathrm{U}$},
  author = {Qiao, C. Y. and Pei, J. C. and Wang, Z. A. and Qiang, Y. and Chen, Y. J. and Shu, N. C. and Ge, Z. G.},
  journal = {Phys. Rev. C},
  volume = {103},
  issue = {3},
  pages = {034621},
  numpages = {5},
  year = {2021},
  month = {Mar},
  publisher = {American Physical Society},
  doi = {10.1103/PhysRevC.103.034621},
  url = {https://link.aps.org/doi/10.1103/PhysRevC.103.034621}
}

@article{Bombaci2021,
  title = {Was {GW190814} a Black Hole--Strange Quark Star System?},
  author = {Bombaci, I. and Drago, A. and Logoteta, D. and Pagliara, G. and Vida\~na, I.},
  journal = {Phys. Rev. Lett.},
  volume = {126},
  issue = {16},
  pages = {162702},
  numpages = {6},
  year = {2021},
  month = {Apr},
  publisher = {American Physical Society},
  doi = {10.1103/PhysRevLett.126.162702},
  url = {https://link.aps.org/doi/10.1103/PhysRevLett.126.162702}
}



@article{Raaijmakers2020,
	year = {2020},
	journal = {Astrophys. J. Lett.},
	volume = {893},
	pages = {L21},
	author = {G. Raaijmakers and S. K. Greif and T. E. Riley and T. Hinderer and K. Hebeler and A. Schwenk and A. L. Watts and S. Nissanke and S. Guillot and J. M. Lattimer and R. M. Ludlam},
	title = {Constraining the Dense Matter Equation of State with Joint Analysis of {NICER} and {LIGO/Virgo} Measurements},
url={http://dx.doi.org/10.3847/2041-8213/ab822f},
   DOI={10.3847/2041-8213/ab822f},
}

@article{Raghavan2021,
  title = {Machine-learning-based inversion of nuclear responses},
  author = {Raghavan, K. and Balaprakash, P. and Lovato, A. and Rocco, N. and Wild, S. M.},
  journal = {Phys. Rev. C},
  volume = {103},
  issue = {3},
  pages = {035502},
  numpages = {11},
  year = {2021},
  month = {Mar},
  publisher = {American Physical Society},
  doi = {10.1103/PhysRevC.103.035502},
  url = {https://link.aps.org/doi/10.1103/PhysRevC.103.035502}
}

@article{Rupp2015,
author = {Rupp, M.},
title = {Machine learning for quantum mechanics in a nutshell},
journal = {Int. J. Quantum Chem.},
volume = {115},
number = {16},
pages = {1058-1073},
doi = {10.1002/qua.24954},
url = {https://onlinelibrary.wiley.com/doi/abs/10.1002/qua.24954},
year = {2015}
}

@article{Solli2020,
      title={Unsupervised Learning for Identifying Events in Active Target Experiments}, 
      author={R. Solli and D. Bazin and M. Hjorth-Jensen and M. P. Kuchera and R. R. Strauss},
      year={2021},
      journal={Nucl. Instrum. Methods Phys. Res. A},
      doi = {10.1016/j.nima.2021.165461},
      pages = {165461},
      volume = {1008}
}

@article{Rodriguez2019,
      author         = "Rodríguez, U. B.   and  Vargas, C. Z. and Gonçalves, M. and  Duarte, S. B.   and Guzmán, F.",
      title          = "Bayesian Neural Network improvements to nuclear mass formulae and predictions in the SuperHeavy Elements  region",
      journal        = "EPL",
      volume         = "127",
      year           = "2019",
      number         = "4",
      pages          = "42001",
      doi            = "10.1209/0295-5075/127/42001"
}

@article{Rodriguez2019a,
      author         = "Rodríguez, U.B. and Vargas, C. Z. and Gonçalves, M. and Duarte, S. B.   and Guzmán, F.",
      title          = "Alpha half-lives calculation of superheavy nuclei with ${Q}\alpha$-value predictions based on the {Bayesian} neural network approach",
      journal        = "J. Phys. G",
      volume         = "46",
      year           = "2019",
      number         = "11",
      pages          = "115109",
      doi            = "10.1088/1361-6471/ab2c86"
}

@article{Rrapaj2020,
  title = {Exact representations of many-body interactions with restricted-{Boltzmann}-machine neural networks},
  author = {Rrapaj, E. and Roggero, A.},
  journal = {Phys. Rev. E},
  volume = {103},
  issue = {1},
  pages = {013302},
  numpages = {16},
  year = {2021},
  month = {Jan},
  publisher = {American Physical Society},
  doi = {10.1103/PhysRevE.103.013302},
  url = {https://link.aps.org/doi/10.1103/PhysRevE.103.013302}
}

@article{Ryczko2019,
  title = {Deep learning and density-functional theory},
  author = {Ryczko, K. and Strubbe, D. A. and Tamblyn, I.},
  journal = {Phys. Rev. A},
  volume = {100},
  issue = {2},
  pages = {022512},
  numpages = {11},
  year = {2019},
  month = {Aug},
  publisher = {American Physical Society},
  doi = {10.1103/PhysRevA.100.022512},
  url = {https://link.aps.org/doi/10.1103/PhysRevA.100.022512}
}


@article{Nagai2020,
	author = {Nagai, R. and Akashi, R. and Sugino, O.},
	doi = {10.1038/s41524-020-0310-0},
	isbn = {2057-3960},
	journal = {Npj Comput. Mater.},
	number = {1},
	pages = {43},
	title = {Completing density functional theory by machine learning hidden messages from molecules},
	url = {https://doi.org/10.1038/s41524-020-0310-0},
	volume = {6},
	year = {2020}
}

@article{Saltelli2020,
	Author = {Saltelli, A. and others},
	Doi = {10.1038/d41586-020-01812-9},
	Journal = {Nature},
	Number = {10},
	Pages = {5482--484},
	Title = {Five ways to ensure that models serve society: a manifesto},
	Url = {https://www.nature.com/articles/d41586-020-01812-9},
	Volume = {582},
	Year = {2020}
	}
	
	@article{Saxena2021,
	doi = {10.1088/1361-6471/abcd1c},
	url = {https://doi.org/10.1088/1361-6471/abcd1c},
	year = 2021,
	volume = {48},
	number = {5},
	pages = {055103},
	author = {G Saxena and P K Sharma and Prafulla Saxena},
	title = {Modified empirical formulas and machine learning for $\upalpha$-decay systematics},
	journal = {J. Phys. G}
}

	
	@article{Schleder2019,
	doi = {10.1088/2515-7639/ab084b},
	url = {https://doi.org/10.1088/2515-7639/ab084b},
	year = 2019,
	month = {may},
	publisher = {{IOP} Publishing},
	volume = {2},
	number = {3},
	pages = {032001},
	author = {Gabriel R Schleder and Antonio C M Padilha and Carlos Mera Acosta and Marcio Costa and Adalberto Fazzio},
	title = {From {DFT} to machine learning: recent approaches to materials science{\textendash}a review},
	journal = {J. Phys. Mat.},
}
   
 @article{Schunck2020,
	doi = {10.1088/1361-6471/ab8745},
	url = {https://doi.org/10.1088%2F1361-6471%2Fab8745},
	year = 2020,
	month = {jun},
	publisher = {{IOP} Publishing},
	volume = {47},
	number = {7},
	pages = {074001},
	author = {N Schunck and J O'Neal and M Grosskopf and E Lawrence and S M Wild},
	title = {Calibration of energy density functionals with deformed nuclei},
	journal = {J. Phys. G}
}

@article{Schunck2020a,
	doi = {10.1088/1361-6471/aba4fa},
	url = {https://doi.org/10.1088/1361-6471/aba4fa},
	year = 2020,
	month = {sep},
	publisher = {{IOP} Publishing},
	volume = {47},
	number = {10},
	pages = {104002},
	author = {N Schunck and K R Quinlan and J Bernstein},
	title = {A {Bayesian analysis of nuclear deformation properties with Skyrme} energy functionals},
	journal = {J. Phys.  G}
}

@article{Sengaline2016,
  title = {Toward a deeper understanding of how experiments constrain the underlying physics of heavy-ion collisions},
  author = {Sangaline, E. and Pratt, S.},
  journal = {Phys. Rev. C},
  volume = {93},
  issue = {2},
  pages = {024908},
  numpages = {11},
  year = {2016},
  month = {Feb},
  publisher = {American Physical Society},
  doi = {10.1103/PhysRevC.93.024908},
  url = {https://link.aps.org/doi/10.1103/PhysRevC.93.024908}
}


@article{Shanahan2018,
  title = {Machine learning action parameters in lattice quantum chromodynamics},
  author = {Shanahan, Phiala E. and Trewartha, Daniel and Detmold, William},
  journal = {Phys. Rev. D},
  volume = {97},
  issue = {9},
  pages = {094506},
  numpages = {23},
  year = {2018},
  month = {May},
  publisher = {American Physical Society},
  doi = {10.1103/PhysRevD.97.094506},
  url = {https://link.aps.org/doi/10.1103/PhysRevD.97.094506}
}

@article{Shi:2021qri,
    author = "Shi, Shuzhe and Zhou, Kai and Zhao, Jiaxing and Mukherjee, Swagato and Zhuang, Pengfei",
    title = "{Heavy Quark Potential in QGP: DNN meets LQCD}",
    eprint = "2105.07862",
    archivePrefix = "arXiv",
    primaryClass = "hep-ph",
    month = "5",
    year = "2021"
}
 
 @article{Sombillo2020,
  title = {Classifying the pole of an amplitude using a deep neural network},
  author = {Sombillo, Denny Lane B. and Ikeda, Yoichi and Sato, Toru and Hosaka, Atsushi},
  journal = {Phys. Rev. D},
  volume = {102},
  issue = {1},
  pages = {016024},
  numpages = {11},
  year = {2020},
  month = {Jul},
  publisher = {American Physical Society},
  doi = {10.1103/PhysRevD.102.016024},
  url = {https://link.aps.org/doi/10.1103/PhysRevD.102.016024}
}

 
@article{Sprouse2020,
  title = {Propagation of statistical uncertainties of {Skyrme} mass models to simulations of $r$-process nucleosynthesis},
  author = {Sprouse, T. M. and Navarro Perez, R. and Surman, R. and Mumpower, M. R. and McLaughlin, G. C. and Schunck, N.},
  journal = {Phys. Rev. C},
  volume = {101},
  issue = {5},
  pages = {055803},
  numpages = {9},
  year = {2020},
  month = {May},
  publisher = {American Physical Society},
  doi = {10.1103/PhysRevC.101.055803},
  url = {https://link.aps.org/doi/10.1103/PhysRevC.101.055803}
}
  
@article{STAR:2020vfa,
    author = "Kram\'arik, Luk\'a\v{s}",
    collaboration = "STAR",
    title = "{Reconstruction of $D^0$ meson in d+Au collisions at $\sqrt {s_{NN}}$ = 200 GeV by the STAR experiment}",
    doi = "10.1088/1402-4896/ab9034",
    journal = "Phys. Scripta",
    volume = "95",
    number = "7",
    pages = "074010",
    year = "2020"
}  
  
@article{Tsang2019,
title = "Insights on {Skyrme parameters from GW170817}",
journal = "Phys. Lett. B",
volume = "796",
pages = "1 - 5",
year = "2019",
issn = "0370-2693",
doi = "10.1016/j.physletb.2019.05.055",
url = "http://www.sciencedirect.com/science/article/pii/S0370269319304575",
author = "C.Y. Tsang and M.B. Tsang and Pawel Danielewicz and F.J. Fattoyev and W.G. Lynch"
}

@misc{Li2021,
      title={Application of machine learning in the determination of impact parameter in the $^{132}${Sn}+$^{124}${Sn} system}, 
      author={Fupeng Li and Yongjia Wang and Zepeng Gao and Pengcheng Li and Hongliang Lv and Qingfeng Li and C. Y. Tsang and M. B. Tsang},
      year={2021},
      eprint={2105.08912},
      archivePrefix={arXiv},
      primaryClass={nucl-th}
}

@article{Utama16,
  title = {Nuclear mass predictions for the crustal composition of neutron stars: A {Bayesian} neural network approach},
  author = {Utama, R. and Piekarewicz, J. and Prosper, H. B.},
  journal = {Phys. Rev. C},
  volume = {93},
  issue = {1},
  pages = {014311},
  numpages = {11},
  year = {2016},
  month = {Jan},
  publisher = {American Physical Society},
  doi = {10.1103/PhysRevC.93.014311},
  url = {https://link.aps.org/doi/10.1103/PhysRevC.93.014311}
}

@article{Utama16a,
 title = {Nuclear charge radii: density functional theory meets {Bayesian} neural networks},
 author = {Utama, R. and Chen, W. C. and Piekarewicz, J.},
 journal = {J. Phys. G},
 volume = {43},
 issue = {11},
 pages = {114002},
 year = {2016},
 month = {Oct},
 publisher = {2016 IOP Publishing Ltd},
 doi = {10.1088/0954-3899/43/11/114002},
 url = {http://iopscience.iop.org/article/10.1088/0954-3899/43/11/114002/pdf}
}

@article{Utama17,
  title = {Refining mass formulas for astrophysical applications: {A Bayesian} neural network approach},
  author = {Utama, R. and Piekarewicz, J.},
  journal = {Phys. Rev. C},
  volume = {96},
  issue = {4},
  pages = {044308},
  numpages = {10},
  year = {2017},
  month = {Oct},
  publisher = {American Physical Society},
  doi = {10.1103/PhysRevC.96.044308},
  url = {https://link.aps.org/doi/10.1103/PhysRevC.96.044308}
}

@article{Utama2018,
  title = {Validating neural-network refinements of nuclear mass models},
  author = {Utama, R. and Piekarewicz, J.},
  journal = {Phys. Rev. C},
  volume = {97},
  issue = {1},
  pages = {014306},
  numpages = {6},
  year = {2018},
  month = {Jan},
  publisher = {American Physical Society},
  doi = {10.1103/PhysRevC.97.014306},
  url = {https://link.aps.org/doi/10.1103/PhysRevC.97.014306}
}

@article{Vigneron1996,
title = {Statistical modelling of neural networks in $\gamma$-spectrometry},
journal = {Nucl. Instrum. Methods Phys. Res. A},
volume = {369},
number = {2},
pages = {642-647},
year = {1996},
issn = {0168-9002},
doi = {10.1016/S0168-9002(96)80068-4},
url = {https://www.sciencedirect.com/science/article/pii/S0168900296800684},
author = {V. Vigneron and J. Morel and M.C. Lépy and J.M. Martinez}
}
@article{Wang2019,
  title = {Bayesian Evaluation of Incomplete Fission Yields},
  author = {Wang, Zi-Ao and Pei, Junchen and Liu, Yue and Qiang, Yu},
  journal = {Phys. Rev. Lett.},
  volume = {123},
  issue = {12},
  pages = {122501},
  numpages = {5},
  year = {2019},
  month = {Sep},
  publisher = {American Physical Society},
  doi = {10.1103/PhysRevLett.123.122501},
  url = {https://link.aps.org/doi/10.1103/PhysRevLett.123.122501}
}

@article{Wang2020,
  title = {Nuclear liquid-gas phase transition with machine learning},
  author = {Wang, Rui and Ma, Yu-Gang and Wada, R. and Chen, Lie-Wen and He, Wan-Bing and Liu, Huan-Ling and Sun, Kai-Jia},
  journal = {Phys. Rev. Research},
  volume = {2},
  issue = {4},
  pages = {043202},
  numpages = {8},
  year = {2020},
  month = {Nov},
  publisher = {American Physical Society},
  doi = {10.1103/PhysRevResearch.2.043202},
  url = {https://link.aps.org/doi/10.1103/PhysRevResearch.2.043202}
}

@article{Wesolowski2018,
      author         = "Wesolowski, S. and Furnstahl, R. J. and Melendez, J. A.  and Phillips, D. R.",
      title          = "{Exploring Bayesian parameter estimation for chiral effective field theory using nucleon–nucleon phase  shifts}",
      journal        = "J. Phys. G",
      volume         = "46",
      year           = "2019",
      number         = "4",
      pages          = "045102",
      doi            = "10.1088/1361-6471/aaf5fc"
}

@article{Acharya:2021lrv,
    author = "Acharya, Bijaya and Bacca, Sonia",
    title = "{Gaussian process error modeling for chiral effective-field-theory calculations of $np\leftrightarrow d\gamma$ at low energies}",
    eprint = "2109.13972",
    archivePrefix = "arXiv",
    primaryClass = "nucl-th",
    month = "9",
    year = "2021"
}
@article{Whewell2020,
Author = {Whewell, B. and Grosskopf, M. and Neudecker, D.},
Title = {Evaluating $^{239}${Pu}(n,f) cross sections via machine learning using experimental data, covariances, and measurement features},
journal = "Nucl. Instrum. Methods Phys. Res. A",
Year = {2020},
Volume = {978},
DOI = {10.1016/j.nima.2020.164305},
url="https://www.sciencedirect.com/science/article/pii/S0168900220307014"
}

@article{Wu2020,
  title = {Calculation of nuclear charge radii with a trained feed-forward neural network},
  author = {Wu, Di and Bai, C. L. and Sagawa, H. and Zhang, H. Q.},
  journal = {Phys. Rev. C},
  volume = {102},
  issue = {5},
  pages = {054323},
  numpages = {7},
  year = {2020},
  month = {Nov},
  publisher = {American Physical Society},
  doi = {10.1103/PhysRevC.102.054323},
  url = {https://link.aps.org/doi/10.1103/PhysRevC.102.054323}
}


@article{Wu2021_beta,
  title = {$\ensuremath{\beta}$-delayed one-neutron emission probabilities within a neural network model},
  author = {Wu, Di and Bai, C. L. and Sagawa, H. and Nishimura, S. and Zhang, H. Q.},
  journal = {Phys. Rev. C},
  volume = {104},
  issue = {5},
  pages = {054303},
  numpages = {7},
  year = {2021},
  month = {Nov},
  publisher = {American Physical Society},
  doi = {10.1103/PhysRevC.104.054303},
  url = {https://link.aps.org/doi/10.1103/PhysRevC.104.054303}
}


@article{Wu2021_peaks,
title = {Peak-searching method for low count rate $\gamma$ spectrum under short-time measurement based on a generative adversarial network},
journal = {Nucl. Instrum. Methods Phys. Res. A},
volume = {1002},
pages = {165262},
year = {2021},
issn = {0168-9002},
doi = {10.1016/j.nima.2021.165262},
url = {https://www.sciencedirect.com/science/article/pii/S0168900221002461},
author = {Sunci Wu and Xiaobin Tang and Pin Gong and Peng Wang and Dajian Liang and Yong Li and Cheng Zhou and Xiaoxiang Zhu},
}
@article{Wu2020a,
  title = {Predicting nuclear masses with the kernel ridge regression},
  author = {Wu, X. H. and Zhao, P. W.},
  journal = {Phys. Rev. C},
  volume = {101},
  issue = {5},
  pages = {051301},
  numpages = {6},
  year = {2020},
  month = {May},
  publisher = {American Physical Society},
  doi = {10.1103/PhysRevC.101.051301},
  url = {https://link.aps.org/doi/10.1103/PhysRevC.101.051301}
}

@article{Wu2021,
      title={Nuclear masses in extended kernel ridge regression with odd-even effects}, 
      author={X. H. Wu and L. H. Guo and P. W. Zhao},
journal = {Phys. Lett. B},
volume = {819},
pages = {136387},
year = {2021},
doi = {10.1016/j.physletb.2021.136387},
url = {https://www.sciencedirect.com/science/article/pii/S0370269321003270}
}
@article{Xie2020,
   title={Bayesian Inference of the Symmetry Energy of Superdense Neutron-rich Matter from Future Radius Measurements of Massive Neutron Stars},
   volume={899},
   ISSN={1538-4357},
   url={http://dx.doi.org/10.3847/1538-4357/aba271},
   DOI={10.3847/1538-4357/aba271},
   number={1},
   journal={AJ},
   publisher={American Astronomical Society},
   author={Xie, Wen-Jie and Li, Bao-An},
   year={2020},
   month={Aug},
   pages={4}
}

@misc{Xie2020a,
	doi = {10.1088/1361-6471/abd25a},
	url = {https://doi.org/10.1088/1361-6471/abd25a},
	year = 2021,
	month = {jan},
	publisher = {{IOP} Publishing},
	volume = {48},
	number = {2},
	pages = {025110},
	author = {Wen-Jie Xie and Bao-An Li},
	title = {Bayesian inference of the incompressibility, skewness and kurtosis of nuclear matter from empirical pressures in relativistic heavy-ion collisions},
	journal = {J. Phys. G}
}

@article{Xu2020,
  title = {Bayesian inference of nuclear symmetry energy from measured and imagined neutron skin thickness in $^{116,118,120,122,124,130,132}\mathrm{Sn}, ^{208}\mathrm{Pb}$, and $^{48}\mathrm{Ca}$},
  author = {Xu, Jun and Xie, Wen-Jie and Li, Bao-An},
  journal = {Phys. Rev. C},
  volume = {102},
  issue = {4},
  pages = {044316},
  numpages = {10},
  year = {2020},
  month = {Oct},
  publisher = {American Physical Society},
  doi = {10.1103/PhysRevC.102.044316},
  url = {https://link.aps.org/doi/10.1103/PhysRevC.102.044316}
}


@article{Yang2020,
title = "Bayesian analysis on interactions of exotic nuclear systems",
journal = "Phys. Lett. B",
volume = "807",
pages = "135540",
year = "2020",
issn = "0370-2693",
doi = "10.1016/j.physletb.2020.135540",
url = "http://www.sciencedirect.com/science/article/pii/S0370269320303440",
author = "L. Yang and C.J. Lin and Y.X. Zhang and P.W. Wen and H.M. Jia and D.X. Wang and N.R. Ma and F. Yang and F.P. Zhong and S.H. Zhong and T.P. Luo"
}

@article{Yang2020b,
   title={Covariant Density Functional Theory in Nuclear Physics and Astrophysics},
   volume={70},
   url={http://dx.doi.org/10.1146/annurev-nucl-101918-023608},
   DOI={10.1146/annurev-nucl-101918-023608},
   number={1},
   journal={Ann. Rev. Nucl. Part. Sci. },
   author={Yang, Junjie and Piekarewicz, J.},
   year={2020},
   month={Oct},
   pages={21–41}
}

@article{Yoshida2018,
  title = {Uncertainty quantification in the nuclear shell model},
  author = {Yoshida, Sota and Shimizu, Noritaka and Togashi, Tomoaki and Otsuka, Takaharu},
  journal = {Phys. Rev. C},
  volume = {98},
  issue = {6},
  pages = {061301},
  numpages = {6},
  year = {2018},
  month = {Dec},
  publisher = {American Physical Society},
  doi = {10.1103/PhysRevC.98.061301},
  url = {https://link.aps.org/doi/10.1103/PhysRevC.98.061301}
}

@article{Yoshida2020,
  title = {Nonparametric {Bayesian} approach to extrapolation problems in configuration interaction methods},
  author = {Yoshida, Sota},
  journal = {Phys. Rev. C},
  volume = {102},
  issue = {2},
  pages = {024305},
  numpages = {11},
  year = {2020},
  month = {Aug},
  publisher = {American Physical Society},
  doi = {10.1103/PhysRevC.102.024305},
  url = {https://link.aps.org/doi/10.1103/PhysRevC.102.024305}
}

@article{Yuksel2021,
author = {Yüksel, Esra and Soydaner, Derya and Bahtiyar, Hüseyin},
title = {Nuclear binding energy predictions using neural networks: {Application} of the multilayer perceptron},
journal = {Int. J. Mod. Phys. E},
volume = {30},
number = {03},
pages = {2150017},
year = {2021},
doi = {10.1142/S0218301321500178},
URL = {https://doi.org/10.1142/S0218301321500178}
}


@article{Zhang2020,
	doi = {10.1088/1361-6471/ab6a71},
	url = {https://doi.org/10.1088%2F1361-6471%2Fab6a71},
	year = 2020,
	month = {mar},
	publisher = {{IOP} Publishing},
	volume = {47},
	number = {5},
	pages = {054002},
	author = {Xilin Zhang and Kenneth M Nollett and D R Phillips},
	title = {S-factor and scattering-parameter extractions from $^3${He}+$^4${He}$\rightarrow$$^7${Be}+$\gamma$},
	journal = {J. Phys. G}
}

@article{Zhao:2021yjo,
    author = "Zhao, Yuan-Sheng and Wang, Lingxiao and Zhou, Kai and Huang, Xu-Guang",
    title = "{Detecting Chiral Magnetic Effect via Deep Learning}",
    eprint = "2105.13761",
    archivePrefix = "arXiv",
    primaryClass = "hep-ph",
    month = "5",
    year = "2021"
}

@article{Pratt:2015zsa,
	author         = "Pratt, Scott and Sangaline, Evan and Sorensen, Paul and
		Wang, Hui",
	title          = "{Constraining the Eq. of State of Super-Hadronic Matter from Heavy-Ion Collisions}",
	journal        = "Phys. Rev. Lett.",
	volume         = "114",
	year           = "2015",
	pages          = "202301",
	doi            = "10.1103/PhysRevLett.114.202301"
}

@article{Bernhard:2016tnd,
	author         = "Bernhard, J. E. and Moreland, J. S. and Bass,
	S. A. and Liu, J. and Heinz, U.",
	title          = "{Applying {Bayesian} parameter estimation to relativistic heavy-ion collisions: simultaneous characterization of the initial state and quark-gluon plasma medium}",
	journal        = "Phys. Rev. C",
	volume         = "94",
	year           = "2016",
	number         = "2",
	pages          = "024907",
	doi            = "10.1103/PhysRevC.94.024907"
}

@inproceedings{Paquet:2020rxl,
      author         = "Paquet, J. -F. and others",
      title          = "{Revisiting {Bayesian constraints on the transport
                        coefficients of QCD}}",
      collaboration  = "JETSCAPE",
      year           = "2020"
}

@article{Xu:2017obm,
	author         = "Xu, Yingru and Bernhard, Jonah E. and Bass, Steffen A.  and Nahrgang, Marlene and Cao, Shanshan",
	title          = "{Data-driven analysis for the temperature and momentum dependence of the heavy-quark diffusion coefficient in relativistic heavy-ion collisions}",
	journal        = "Phys. Rev. C",
	volume         = "97",
	year           = "2018",
	number         = "1",
	pages          = "014907",
	doi            = "10.1103/PhysRevC.97.014907"
}


@article{JETSCAPE:2021ehl,
    author = "Cao, S. and others",
    collaboration = "JETSCAPE",
    title = "{Determining the jet transport coefficient $\hat{q}$ from inclusive hadron suppression measurements using Bayesian parameter estimation}",
    doi = "10.1103/PhysRevC.104.024905",
    journal = "Phys. Rev. C",
    volume = "104",
    number = "2",
    pages = "024905",
    year = "2021"
}

@article{He:2018gks,
	author         = "He, Yayun and Pang, Long-Gang and Wang, Xin-Nian",
	title          = "{Bayesian extraction of jet energy loss distributions in heavy-ion collisions}",
	journal        = "Phys. Rev. Lett.",
	volume         = "122",
	year           = "2019",
	number         = "25",
	pages          = "252302",
	doi            = "10.1103/PhysRevLett.122.252302",
	eprint         = "1808.05310"
}


@article{Bernhard:2019bmu,
	author         = "Bernhard, Jonah E. and Moreland, J. Scott and Bass,
	Steffen A.",
	title          = "{Bayesian estimation of the specific shear and bulk viscosity of quark–gluon plasma}",
	journal        = "Nature Phys.",
	volume         = "15",
	year           = "2019",
	number         = "11",
	pages          = "1113-1117",
	doi            = "10.1038/s41567-019-0611-8"
}

@article{Soltz:2019aea,
	author         = "Soltz, Ron",
	title          = "{Bayesian extraction of $\hat{q}$ with multi-stage jet evolution approach}",
	booktitle      = "{Proceedings, 9th International Conference on Hard and
		Electromagnetic Probes of High-Energy Nuclear Collisions:
		Hard Probes 2018 (HP2018): Aix-Les-Bains, France, October
								   1-5, 2018}",
collaboration  = "Jetscape",
journal        = "PoS",
volume         = "HardProbes2018",
year           = "2019",
pages          = "048",
doi            = "10.22323/1.345.0048"
}

@article{Bass:1996ez,
	author         = "Bass, S. A. and Bischoff, A. and Maruhn, J. A. and Stoecker, Horst and Greiner, W.",
	title          = "{Neural networks for impact parameter determination}",
	journal        = "Phys. Rev. C",
	volume         = "53",
	year           = "1996",
	pages          = "2358-2363",
	doi            = "10.1103/PhysRevC.53.2358",
}

@article{Komiske:2016rsd,
	author         = "Komiske, Patrick T. and Metodiev, Eric M. and Schwartz, Matthew D.",
	title          = "{Deep learning in color: towards automated quark/gluon jet discrimination}",
	journal        = "JHEP",
	volume         = "01",
	year           = "2017",
	pages          = "110",
	doi            = "10.1007/JHEP01(2017)110",
}

@article{Chien:2018dfn,
	author         = "Chien, Yang-Ting and Kunnawalkam Elayavalli, Raghav",
	title          = "{Probing heavy ion collisions using quark and gluon jet substructure}",
	year           = "2018",
	eprint         = "1803.03589",
	archivePrefix  = "arXiv",
	primaryClass   = "hep-ph",
	reportNumber   = "MIT-CTP 4947, WSU-HEP 1802, MIT-CTP-4947, WSU-HEP-1802",
	SLACcitation   = "%%CITATION = ARXIV:1803.03589;%%"
}

@article{Chien2019,
title = "Probing heavy ion collisions using quark and gluon jet substructure with machine learning",
journal = "Nucl. Phys. A",
volume = "982",
pages = "619 - 622",
year = "2019",
note = "The 27th International Conference on Ultrarelativistic Nucleus-Nucleus Collisions: Quark Matter 2018",
issn = "0375-9474",
doi = "10.1016/j.nuclphysa.2018.11.009",
url = "http://www.sciencedirect.com/science/article/pii/S0375947418303956",
author = "Yang-Ting Chien"
}

@article{Komiske2018,
	Author = {Komiske, Patrick T. and Metodiev, Eric M. and Thaler, Jesse},
	Day = {04},
	Doi = {10.1007/JHEP04(2018)013},
	Issn = {1029-8479},
	Journal = {JHEP},
	Month = {Apr},
	Number = {4},
	Pages = {13},
	Title = {Energy flow polynomials: a complete linear basis for jet substructure},
	Url = {https://doi.org/10.1007/JHEP04(2018)013},
	Volume = {2018},
	Year = {2018}
}


@article{Lai:2018ixk,
	author         = "Lai, Yue Shi",
	title          = "{Automated Discovery of Jet Substructure Analyses}",
	year           = "2018",
	eprint         = "1810.00835",
	archivePrefix  = "arXiv",
	primaryClass   = "nucl-th",
	SLACcitation   = "%%CITATION = ARXIV:1810.00835;%%"
}

@article{collado2021learning,
  title={Learning to identify electrons},
  author={Collado, Julian and Howard, Jessica N and Faucett, Taylor and Tong, Tony and Baldi, Pierre and Whiteson, Daniel},
  journal={Physical Review D},
  volume={103},
  number={11},
  pages={116028},
  year={2021},
  publisher={APS}
}

@article{de2020electromagnetic,
  title={Electromagnetic showers beyond shower shapes},
  author={De Oliveira, Luke and Nachman, Benjamin and Paganini, Michela},
  journal={Nucl. Instrum. Methods. Phys. Res. A},
  volume={951},
  pages={162879},
  year={2020},
   url={http://dx.doi.org/10.1016/j.nima.2019.162879},
   DOI={10.1016/j.nima.2019.162879},
}

@article{Pang:2016vdc,
	author         = "Pang, Long-Gang and Zhou, Kai and Su, Nan and Petersen, Hannah and Stöcker, Horst and Wang, Xin-Nian",
	title          = "{An equation-of-state-meter of quantum chromodynamics transition from deep learning}",
	journal        = "Nature Commun.",
	volume         = "9",
	year           = "2018",
	number         = "1",
	pages          = "210",
	doi            = "10.1038/s41467-017-02726-3"
}

@article{Huang:2018fzn,
	author         = "Huang, Hengfeng and Xiao, Bowen and Xiong, Huixin and Wu, Zeming and Mu, Yadong and Song, Huichao",
	title          = "{Applications of deep learning to relativistic hydrodynamics}",
	year           = "2018",
	eprint         = "1801.03334",
	archivePrefix  = "arXiv",
	primaryClass   = "nucl-th",
	SLACcitation   = "%%CITATION = ARXIV:1801.03334;%%"
}

@article{Steinheimer:2019iso,
	author         = "Steinheimer, Jan and Pang, Longgang and Zhou, Kai and Koch, Volker and Randrup, Jørgen and Stoecker, Horst",
	title          = "{A machine learning study to identify spinodal clumping in high energy nuclear collisions}",
	journal        = "JHEP",
	volume         = "12",
	year           = "2019",
	pages          = "122",
	doi            = "10.1007/JHEP12(2019)122"
}

@article{Clark:2006ua,
    author = "Clark, John Walter and Li, Haochen",
    editor = "Hernandez, Susana and Cataldo, Horacio",
    title = "{Application of support vector machines to global prediction of nuclear properties}",
    doi = "10.1142/S0217979206036053",
    journal = "Int. J. Mod. Phys. B",
    volume = "20",
    pages = "5015--5029",
    year = "2006"
}

@article{Costiris:2008pp,
    author = "Costiris, N.J. and Mavrommatis, E. and Gernoth, K.A. and Clark, J.W.",
    title = "{Decoding Beta-Decay Systematics: A Global Statistical Model for Beta- Halflives}",
    doi = "10.1103/PhysRevC.80.044332",
    journal = "Phys. Rev. C",
    volume = "80",
    pages = "044332",
    year = "2009"
}

@article{Du:2019civ,
    author = {Du, Yi-Lun and Zhou, Kai and Steinheimer, Jan and Pang, Long-Gang and Motornenko, Anton and Zong, Hong-Shi and Wang, Xin-Nian and St\"ocker, Horst},
    title = "{Identifying the nature of the QCD transition in relativistic collision of heavy nuclei with deep learning}",
    eprint = "1910.11530",
    archivePrefix = "arXiv",
    primaryClass = "hep-ph",
    doi = "10.1140/epjc/s10052-020-8030-7",
    journal = "Eur. Phys. J. C",
    volume = "80",
    number = "6",
    pages = "516",
    year = "2020"
}

@article{Mallick:2021wop,
    author = "Mallick, Neelkamal and Tripathy, Sushanta and Mishra, Aditya Nath and Deb, Suman and Sahoo, Raghunath",
    title = "{Estimation of Impact Parameter and Transverse Spherocity in heavy-ion collisions at the LHC energies using Machine Learning}",
    eprint = "2103.01736",
    archivePrefix = "arXiv",
    primaryClass = "hep-ph",
    month = "3",
    year = "2021"
}



@article{Kuttan:2021zcu,
    author = "Kuttan, Manjunath Omana and Steinheimer, Jan and Zhou, Kai and Redelbach, Andreas and Stoecker, Horst",
    title = "{Deep Learning Based Impact Parameter Determination for the CBM Experiment}",
    doi = "10.3390/particles4010006",
    journal = "Particles",
    volume = "4",
    number = "1",
    pages = "47--52",
    year = "2021"
}



@article{Kuttan:2020kha,
    author = "Omana Kuttan, Manjunath and Steinheimer, Jan and Zhou, Kai and Redelbach, Andreas and Stoecker, Horst",
    title = "{A fast centrality-meter for heavy-ion collisions at the CBM experiment}",
    eprint = "2009.01584",
    archivePrefix = "arXiv",
    primaryClass = "hep-ph",
    doi = "10.1016/j.physletb.2020.135872",
    journal = "Phys. Lett. B",
    volume = "811",
    pages = "135872",
    year = "2020"
}



@article{Li:2020qqn,
    author = {Li, Fupeng and Wang, Yongjia and L\"u, Hongliang and Li, Pengcheng and Li, Qingfeng and Liu, Fanxin},
    title = "{Application of artificial intelligence in the determination of impact parameter in heavy-ion collisions at intermediate energies}",
    eprint = "2008.11540",
    archivePrefix = "arXiv",
    primaryClass = "nucl-th",
    doi = "10.1088/1361-6471/abb1f9",
    journal = "J. Phys. G",
    volume = "47",
    number = "11",
    pages = "115104",
    year = "2020"
}

@article{DeSanctis:2009zzb,
    author = "De Sanctis, J. and Masotti, M. and Bruno, M. and D'Agostino, M. and Geraci, E. and Vannini, G. and Bonasera, A.",
    title = "{Classification of the impact parameter in nucleus-nucleus collisions by a support vector machine method}",
    doi = "10.1088/0954-3899/36/1/015101",
    journal = "J. Phys. G",
    volume = "36",
    pages = "015101",
    year = "2009"
}

@article{Haddad:1996xw,
    author = "Haddad, F. and Hagel, K. and Li, J. and Mdeiwayeh, N. and Natowitz, J. B. and Wada, R. and Xiao, B. and David, C. and Freslier, M. and Aichelin, J.",
    title = "{Impact parameter determination in experimental analysis using neural network}",
    reportNumber = "SUBATECH-97-01",
    doi = "10.1103/PhysRevC.55.1371",
    journal = "Phys. Rev. C",
    volume = "55",
    pages = "1371--1375",
    year = "1997"
}

% Many-body theory and ML

@article{Pfau2020,
  title = {Ab initio solution of the many-electron Schr\"odinger equation with deep neural networks},
  author = {Pfau, David and Spencer, James S. and Matthews, Alexander G. D. G. and Foulkes, W. M. C.},
  journal = {Phys. Rev. Research},
  volume = {2},
  issue = {3},
  pages = {033429},
  numpages = {20},
  year = {2020},
  month = {Sep},
  publisher = {American Physical Society},
  doi = {10.1103/PhysRevResearch.2.033429},
  url = {https://link.aps.org/doi/10.1103/PhysRevResearch.2.033429}
}

@article{Nomura2017,
  title = {Restricted Boltzmann machine learning for solving strongly correlated quantum systems},
  author = {Nomura, Yusuke and Darmawan, Andrew S. and Yamaji, Youhei and Imada, Masatoshi},
  journal = {Phys. Rev. B},
  volume = {96},
  issue = {20},
  pages = {205152},
  numpages = {8},
  year = {2017},
  month = {Nov},
  publisher = {American Physical Society},
  doi = {10.1103/PhysRevB.96.205152},
  url = {https://link.aps.org/doi/10.1103/PhysRevB.96.205152}
}

@article{Saito2018,
author = {Saito ,Hiroki},
title = {Method to Solve Quantum Few-Body Problems with Artificial Neural Networks},
journal = {J. Phys. Soc. Jpn.},
volume = {87},
number = {7},
pages = {074002},
year = {2018},
doi = {10.7566/JPSJ.87.074002},
URL = {https://doi.org/10.7566/JPSJ.87.074002}
}

@article{Townsend2020,
author = {Townsend, Jacob and Vogiatzis, Konstantinos D.},
title = {Transferable {MP2}-Based Machine Learning for Accurate Coupled-Cluster Energies},
journal = {Journal of Chemical Theory and Computation},
volume = {16},
number = {12},
pages = {7453-7461},
year = {2020},
doi = {10.1021/acs.jctc.0c00927},
    note ={PMID: 33138363},
URL = {https://doi.org/10.1021/acs.jctc.0c00927},
eprint = { https://doi.org/10.1021/acs.jctc.0c00927}
}
@article{Smith2019,
title={Approaching coupled cluster accuracy with a general-purpose neural network potential through transfer learning},
author={Smith, Justin S. and Nebgen, Benjamin T. and Zubatyuk, Roman and  Lubbers, Nicholasand Devereux, Christian and Barros, Kipton and Tretiak, Sergei and Isayev,  Olexandr and Roitberg, Adrian E.},
journal={Nature Communications},
volume = {10}, 
pages = {2903}, 
year = {2019}
}

@article{Agarwal2021,
author = {Agarawal,V.  and Roy, S.  and Chakraborty, A.  and Maitra, R.},
title = {Accelerating coupled cluster calculations with nonlinear dynamics and supervised machine learning},
journal = {J. Chem. Phys.},
volume = {154},
number = {4},
pages = {044110},
year = {2021},
doi = {10.1063/5.0037090},
URL = {https://doi.org/10.1063/5.0037090}
}


@article{Myren2021,
author = {Myren, Samuel and Lawrence, Earl},
title = {A comparison of {Gaussian} processes and neural networks for computer model emulation and calibration},
journal = {Stat. Anal. Data Min.},
volume = {n/a},
pages = {11507},
keywords = {Bayesian, calibration, Gaussian processes, neural networks},
doi = {10.1002/sam.11507},
url={https://doi.org/10.1002/sam.11507}
}



@article {Wilkins2019,
	author = {Wilkins, David M. and Grisafi, Andrea and Yang, Yang and Lao, Ka Un and DiStasio, Robert A. and Ceriotti, Michele},
	title = {Accurate molecular polarizabilities with coupled cluster theory and machine learning},
	volume = {116},
	number = {9},
	pages = {3401--3406},
	year = {2019},
	doi = {10.1073/pnas.1816132116},
	publisher = {National Academy of Sciences},
	issn = {0027-8424},
	URL = {https://www.pnas.org/content/116/9/3401},
	eprint = {https://www.pnas.org/content/116/9/3401.full.pdf},
	journal = {Proceedings of the National Academy of Sciences}
}

@article{Choo2018,
  title = {Symmetries and Many-Body Excitations with Neural-Network Quantum States},
  author = {Choo, Kenny and Carleo, Giuseppe and Regnault, Nicolas and Neupert, Titus},
  journal = {Phys. Rev. Lett.},
  volume = {121},
  issue = {16},
  pages = {167204},
  numpages = {6},
  year = {2018},
  month = {Oct},
  publisher = {American Physical Society},
  doi = {10.1103/PhysRevLett.121.167204},
  url = {https://link.aps.org/doi/10.1103/PhysRevLett.121.167204}
}

@article{Yoshioka2019,
  title = {Constructing neural stationary states for open quantum many-body systems},
  author = {Yoshioka, Nobuyuki and Hamazaki, Ryusuke},
  journal = {Phys. Rev. B},
  volume = {99},
  issue = {21},
  pages = {214306},
  numpages = {8},
  year = {2019},
  month = {Jun},
  publisher = {American Physical Society},
  doi = {10.1103/PhysRevB.99.214306},
  url = {https://link.aps.org/doi/10.1103/PhysRevB.99.214306}
}

@article{Nagy2019,
  title = {Variational Quantum Monte Carlo Method with a Neural-Network Ansatz for Open Quantum Systems},
  author = {Nagy, Alexandra and Savona, Vincenzo},
  journal = {Phys. Rev. Lett.},
  volume = {122},
  issue = {25},
  pages = {250501},
  numpages = {6},
  year = {2019},
  month = {Jun},
  publisher = {American Physical Society},
  doi = {10.1103/PhysRevLett.122.250501},
  url = {https://link.aps.org/doi/10.1103/PhysRevLett.122.250501}
}

@article{Vicentini2019,
  title = {Variational Neural-Network Ansatz for Steady States in Open Quantum Systems},
  author = {Vicentini, Filippo and Biella, Alberto and Regnault, Nicolas and Ciuti, Cristiano},
  journal = {Phys. Rev. Lett.},
  volume = {122},
  issue = {25},
  pages = {250503},
  numpages = {6},
  year = {2019},
  month = {Jun},
  publisher = {American Physical Society},
  doi = {10.1103/PhysRevLett.122.250503},
  url = {https://link.aps.org/doi/10.1103/PhysRevLett.122.250503}
}

@article{Hartmann2019,
  title = {Neural-Network Approach to Dissipative Quantum Many-Body Dynamics},
  author = {Hartmann, Michael J. and Carleo, Giuseppe},
  journal = {Phys. Rev. Lett.},
  volume = {122},
  issue = {25},
  pages = {250502},
  numpages = {6},
  year = {2019},
  month = {Jun},
  publisher = {American Physical Society},
  doi = {10.1103/PhysRevLett.122.250502},
  url = {https://link.aps.org/doi/10.1103/PhysRevLett.122.250502}
}

@article{Ferrari2019,
  title = {Neural {Gutzwiller}-projected variational wave functions},
  author = {Ferrari, Francesco and Becca, Federico and Carrasquilla, Juan},
  journal = {Phys. Rev. B},
  volume = {100},
  issue = {12},
  pages = {125131},
  numpages = {13},
  year = {2019},
  month = {Sep},
  publisher = {American Physical Society},
  doi = {10.1103/PhysRevB.100.125131},
  url = {https://link.aps.org/doi/10.1103/PhysRevB.100.125131}
}



@article{Choo2020a,
title = {Fermionic neural-network states for ab-initio electronic structure},
author = {Choo, Kenny and Mezzacapo, Antonio and  Carleo, Giuseppe}, 
journal = {Nat. Commun.},
volume = {11}, 
pages = {2368}, 
year = {2020},
	url = {https://doi.org/10.1038/s41467-020-15724-9},
	doi = {10.1038/s41467-020-15724-9},
}





@article{Calcavecchia2014,
  title = {Sign problem of the fermionic shadow wave function},
  author = {Calcavecchia, Francesco and Pederiva, Francesco and Kalos, Malvin H. and K\"uhne, Thomas D.},
  journal = {Phys. Rev. E},
  volume = {90},
  issue = {5},
  pages = {053304},
  numpages = {10},
  year = {2014},
  month = {Nov},
  publisher = {American Physical Society},
  doi = {10.1103/PhysRevE.90.053304},
  url = {https://link.aps.org/doi/10.1103/PhysRevE.90.053304}
}
@article{Sorella2005,
  title = {Wave function optimization in the variational {Monte Carlo} method},
  author = {Sorella, Sandro},
  journal = {Phys. Rev. B},
  volume = {71},
  issue = {24},
  pages = {241103},
  numpages = {4},
  year = {2005},
  month = {Jun},
  publisher = {American Physical Society},
  doi = {10.1103/PhysRevB.71.241103},
  url = {https://link.aps.org/doi/10.1103/PhysRevB.71.241103}
}



@article{Stokes2020,
   title={Quantum Natural Gradient},
   volume={4},
   ISSN={2521-327X},
   url={http://dx.doi.org/10.22331/q-2020-05-25-269},
   DOI={10.22331/q-2020-05-25-269},
   journal={Quantum},
   publisher={Verein zur Forderung des Open Access Publizierens in den Quantenwissenschaften},
   author={Stokes, James and Izaac, Josh and Killoran, Nathan and Carleo, Giuseppe},
   year={2020},
   month={May},
   pages={269}
}

@article{Altman2021,
  title = {Quantum Simulators: {Architectures} and Opportunities},
  author = {Altman, Ehud and others},
  journal = {PRX Quantum},
  volume = {2},
  issue = {1},
  pages = {017003},
  numpages = {19},
  year = {2021},
  month = {Feb},
  publisher = {American Physical Society},
  doi = {10.1103/PRXQuantum.2.017003},
  url = {https://link.aps.org/doi/10.1103/PRXQuantum.2.017003}
}

@article{Carleo2019a,
title = {NetKet: A machine learning toolkit for many-body quantum systems},
journal = {SoftwareX},
volume = {10},
pages = {100311},
year = {2019},
issn = {2352-7110},
doi = {10.1016/j.softx.2019.100311},
url = {https://www.sciencedirect.com/science/article/pii/S2352711019300974},
author = {Giuseppe Carleo and Kenny Choo and Damian Hofmann and James E.T. Smith and Tom Westerhout and Fabien Alet and Emily J. Davis and Stavros Efthymiou and Ivan Glasser and Sheng-Hsuan Lin and Marta Mauri and Guglielmo Mazzola and Christian B. Mendl and Evert {van Nieuwenburg} and Ossian O’Reilly and Hugo Théveniaut and Giacomo Torlai and Filippo Vicentini and Alexander Wietek}
}

@article{Torlai2018,
title = {Neural-network quantum state tomography},
author = {Torlai, Giacomo and Mazzola, Guglielmo and Carrasquilla,  Juan and Troyer, Matthias and Melko, Roger and Carleo, Giueseppe},
journal = {Nature Physics}, 
volume = {14}, 
pages = {447–450},
year = {2018}
}

@article{cisbani2020ai,
  title={{AI-optimized detector design for the future Electron-Ion Collider: the dual-radiator RICH case}},
  author={Cisbani, E and Del Dotto, A and Fanelli, C and Williams, M and Alfred, M and Barbosa, F and Barion, L and Berdnikov, V and Brooks, W and Cao, T and others},
  journal={Journal of Instrumentation},
  volume={15},
  number={05},
  pages={P05009},
  year={2020},
  publisher={IOP Publishing},
  doi = {10.1088/1748-0221/15/05/P05009}
}

@article{baydin2021toward,
  title={{Toward Machine Learning Optimization of Experimental Design}},
  author={Baydin, At{\i}l{\i}m G{\"u}ne{\c{s}} and Cranmer, Kyle and Manzano, Pablo de Castro and Delaere, Christophe and Derkach, Denis and Donini, Julien and Dorigo, Tommaso and Giammanco, Andrea and Kieseler, Jan and Layer, Lukas and others},
  journal={Nuclear Physics News},
  volume={31},
  number={1},
  pages={25--28},
  year={2021},
  publisher={Taylor \& Francis}
}


@article{edelen2020machine,
  title={{Machine learning for orders of magnitude speedup in multiobjective optimization of particle accelerator systems}},
  author={Edelen, Auralee and Neveu, Nicole and Frey, Matthias and Huber, Yannick and Mayes, Christopher and Adelmann, Andreas},
  journal={Phys. Rev. Accel. Beams},
  volume={23},
  number={4},
  pages={044601},
  year={2020},
  doi = {10.1103/PhysRevAccelBeams.23.044601},
  url = {https://link.aps.org/doi/10.1103/PhysRevAccelBeams.23.044601}
}

@article{agostinelli2003geant4,
title = {Geant4—a simulation toolkit},
journal = {Nucl. Instrum. Methods Phys. Res. A},
volume = {506},
number = {3},
pages = {250-303},
year = {2003},
issn = {0168-9002},
doi = {10.1016/S0168-9002(03)01368-8},
url = {https://www.sciencedirect.com/science/article/pii/S0168900203013688},
author = {S. Agostinelli and others}
}

@inproceedings{houle2010can,
  title={{Can shared-neighbor distances defeat the curse of dimensionality?}},
  author={Houle, Michael E and Kriegel, Hans-Peter and Kr{\"o}ger, Peer and Schubert, Erich and Zimek, Arthur},
  booktitle={International conference on scientific and statistical database management},
  pages={482--500},
  year={2010},
  organization={Springer}
}

@book{sutton2018reinforcement,
  title={{Reinforcement learning: An introduction}},
  author={Sutton, Richard S and Barto, Andrew G},
  year={2018},
  publisher={MIT press}
}

@book{deb2001multi,
  title={{Multi-objective optimization using evolutionary algorithms}},
  author={Deb, Kalyanmoy},
  volume={16},
  year={2001},
  publisher={John Wiley \& Sons}
}


@techreport{stevens2020ai,
  title={{AI for Science}},
  author={Stevens, Rick and Taylor, Valerie and Nichols, Jeff and Maccabe, Arthur Barney and Yelick, Katherine and Brown, David},
  year={2020},
  institution={Argonne National Lab.(ANL), Argonne, IL (United States)}
}



@article{jones1998efficient, 
  Title={{Efficient global optimization of expensive black-box functions}},
  Author={Jones, D. R. and Schonlau, M. and Welch, W. J.},
  Journal={J. Global Optim.},
  Volume={13},
  Number={4},
  Pages={455--492},
  Year={1998},
  Publisher={Springer},
  Doi="10.1023/A:1008306431147"
}

@inproceedings{snoek2012practical,
  Title={{Practical bayesian optimization of machine learning algorithms}},
  Author={Snoek, Jasper and Larochelle, Hugo and Adams, Ryan P},
  Booktitle={Adv. Neural Inf. Process. Syst.},
  Pages={2951--2959},
  Year={(2012)},
  
  Archiveprefix            = {arXiv},
  Eprint                   = {1206.2944},  
  Primaryclass             = {stat.ML},
}

@article{khalek2021science,
  title={{Science Requirements and Detector Concepts for the Electron-Ion Collider: EIC Yellow Report}},
  author={Khalek, R Abdul and Accardi, A and Adam, J and Adamiak, D and Akers, W and Albaladejo, M and Al-Bataineh, A and Alexeev, MG and Ameli, F and Antonioli, P and others},
  journal={arXiv preprint arXiv:2103.05419},
  year={2021}
}


@inproceedings{boldyrev2021machine,
  title={{Machine Learning in Calorimeter optimization}},
  author={Boldyrev, A and Derkach, D and Ratnikov, F and Shevelev, A},
  booktitle={Journal of Physics: Conference Series},
  volume={1740},
  number={1},
  pages={012047},
  year={2021},
  organization={IOP Publishing}
}

@article{boldyrev2020ml,
  title={{ML-assisted versatile approach to Calorimeter R\&D}},
  author={Boldyrev, Alexey and Derkach, Denis and Ratnikov, Fedor and Shevelev, Andrey},
  journal={Journal of Instrumentation},
  volume={15},
  number={09},
  pages={C09030},
  year={2020},
  publisher={IOP Publishing}
}



@article{fanelli2020deeprich,
    author = "Fanelli, Cristiano and Pomponi, Jary",
    title = "{DeepRICH: Learning Deeply Cherenkov Detectors}",
    doi = "10.1088/2632-2153/ab845a",
    journal = "Machine Learning: Science and Technology",
    volume = "1",
    pages = "015010",
    month = "11",
    year = "2020",
   publisher={IOP Publishing},
}

@article{hardin2016fastdirc,
  title={{FastDIRC: a fast Monte Carlo and reconstruction algorithm for DIRC detectors}},
  author={Hardin, John and Williams, Mike},
  journal={Journal of Instrumentation},
  volume={11},
  number={10},
  pages={P10007},
  year={2016},
  publisher={IOP Publishing}
}


@inproceedings{maevskiy2020fast,
  title={{Fast Data-Driven Simulation of Cherenkov Detectors Using Generative Adversarial Networks}},
  author={Maevskiy, Artem and Derkach, Denis and Kazeev, Nikita and Ustyuzhanin, Andrey and Artemev, Maksim and Anderlini, Lucio and LHCb Collaboration and others},
  booktitle={Journal of Physics: Conference Series},
  volume={1525},
  number={1},
  pages={012097},
  year={2020},
  organization={IOP Publishing}
}

@article{derkach2020cherenkov,
  title={{Cherenkov detectors fast simulation using neural networks}},
  author={Derkach, Denis and Kazeev, Nikita and Ratnikov, Fedor and Ustyuzhanin, Andrey and Volokhova, Alexandra},
  journal={Nucl. Instrum. Methods. Phys. Res. A},
  volume={952},
  pages={161804},
  year={2020},
   url={http://dx.doi.org/10.1016/j.nima.2019.01.031},
   DOI={10.1016/j.nima.2019.01.031},
}

@techreport{castellano1991artificial,
  title={{An artificial neural network computational scheme for pattern matching problems in high-energy physics}},
  author={Castellano, MG and Nappi, E and Posa, F and Satalino, G},
  year={1991},
  institution={CM-P00056571}
}

@article{lebedev2009fast,
  title={{Fast algorithms for ring recognition and electron identification in the CBM RICH detector}},
  author={Lebedev, SA and Ososkov, GA},
  journal={Particles and Nuclei Letters},
  volume={6},
  number={2},
  pages={161--176},
  year={2009},
  publisher={Springer},
  Doi = {10.1134/S1547477109020095}
}

@article{fanelli2020machine,
  title={{Machine learning for imaging Cherenkov detectors}},
  author={Fanelli, Cristiano},
  journal={Journal of Instrumentation},
  volume={15},
  number={02},
  pages={C02012},
  year={2020},
  publisher={IOP Publishing}
}

@article{guest2018,
title = "{Deep Learning and its Application to LHC Physics}",
author = {Dan Guest and Kyle Cranmer and Daniel Whiteson},
journal = {Ann.Rev.Nucl.Part.Sci.}, 
volume = {68}, 
pages = {161-181},
year = {2018}
}


@article{page2020experimental,
  title={Experimental aspects of jet physics at a future EIC},
  author={Page, BS and Chu, Xiaoxuan and Aschenauer, EC},
  journal={Physical Review D},
  volume={101},
  number={7},
  pages={072003},
  year={2020},
  publisher={APS}
}

@article{chien2018probing,
  title={Probing heavy ion collisions using quark and gluon jet substructure},
  author={Chien, Yang-Ting and Elayavalli, Raghav Kunnawalkam},
  journal={arXiv preprint arXiv:1803.03589},
  year={2018}
}


@article{apolinario2021deep,
  title={Deep Learning for the Classification of Quenched Jets},
  author={Apolin{\'a}rio, L and Castro, NF and Rom{\~a}o, M Crispim and Milhano, JG and Pedro, R and Peres, FCR},
  journal={arXiv preprint arXiv:2106.08869},
  year={2021}
}

@article{guest2016jet,
  title={Jet flavor classification in high-energy physics with deep neural networks},
  author={Guest, Daniel and Collado, Julian and Baldi, Pierre and Hsu, Shih-Chieh and Urban, Gregor and Whiteson, Daniel},
  journal={Physical Review D},
  volume={94},
  number={11},
  pages={112002},
  year={2016},
  publisher={APS}
}

@article{bielvcikova2021identifying,
  title={Identifying heavy-flavor jets using vectors of locally aggregated descriptors},
  author={Biel{\v{c}}{\'\i}kov{\'a}, Jana and Elayavalli, R Kunnawalkam and Ponimatkin, Georgy and Putschke, J{\"o}rn H and Sivic, Josef},
  journal={Journal of Instrumentation},
  volume={16},
  number={03},
  pages={P03017},
  year={2021},
  publisher={IOP Publishing}
}

@inproceedings{he2016deep,
  title={Deep residual learning for image recognition},
  author={He, Kaiming and Zhang, Xiangyu and Ren, Shaoqing and Sun, Jian},
  booktitle={Proceedings of the IEEE conference on computer vision and pattern recognition},
  pages={770--778},
  year={2016}
}


@article{erdmann2020tagger,
  title={A tagger for strange jets based on tracking information using long short-term memory},
  author={Erdmann, Johannes},
  journal={Journal of Instrumentation},
  volume={15},
  number={01},
  pages={P01021},
  year={2020},
  publisher={IOP Publishing}
}

@article{nakai2020strange,
  title={Strange jet tagging},
  author={Nakai, Yuichiro and Shih, David and Thomas, Scott},
  journal={arXiv preprint arXiv:2003.09517},
  year={2020}
}


@article{komiske2017deep,
  title={Deep learning in color: towards automated quark/gluon jet discrimination},
  author={Komiske, Patrick T and Metodiev, Eric M and Schwartz, Matthew D},
  journal={Journal of High Energy Physics},
  volume={2017},
  number={1},
  pages={1--23},
  year={2017},
  publisher={Springer}
}


@article{Komiske2017,
title = {Pileup Mitigation with Machine Learning},
author = {Patrick T. Komiske and
Eric M. Metodiev and Benjamin Nachman and
Matthew D. Schwartz},
eprint = "1707.08600",
archivePrefix = "arXiv",
primaryClass = "hep-ex",
year = {2017}
}


@article{bols2020jet,
  title={Jet flavour classification using DeepJet},
  author={Bols, Emil and Kieseler, Jan and Verzetti, Mauro and Stoye, Markus and Stakia, Anna},
  journal={Journal of Instrumentation},
  volume={15},
  number={12},
  pages={P12012},
  year={2020},
  publisher={IOP Publishing}
}



@article{Sato:2013ika,
    author = "Sato, Nobuo and Owens, J. F. and Prosper, Harrison",
    title = "{Bayesian Reweighting for Global Fits}",
    doi = "10.1103/PhysRevD.89.114020",
    journal = "Phys. Rev. D",
    volume = "89",
    number = "11",
    pages = "114020",
    year = "2014"
}

@article{Ball:2011gg,
    author = "Ball, Richard D. and Bertone, Valerio and Cerutti, Francesco and Del Debbio, Luigi and Forte, Stefano and Guffanti, Alberto and Hartland, Nathan P. and Latorre, Jose I. and Rojo, Juan and Ubiali, Maria",
    title = "{Reweighting and Unweighting of Parton Distributions and the LHC W lepton asymmetry data}",
    doi = "10.1016/j.nuclphysb.2011.10.018",
    journal = "Nucl. Phys. B",
    volume = "855",
    pages = "608--638",
    year = "2012"
}

@article{Watt:2012tq,
    author = "Watt, G. and Thorne, R. S.",
    title = "{Study of Monte Carlo approach to experimental uncertainty propagation with MSTW 2008 PDFs}",
    eprint = "1205.4024",
    archivePrefix = "arXiv",
    primaryClass = "hep-ph",
    reportNumber = "CERN-PH-TH-2012-132, LCTS-2012-11",
    doi = "10.1007/JHEP08(2012)052",
    journal = "JHEP",
    volume = "08",
    pages = "052",
    year = "2012"
}

@article{Giele:1998gw,
    author = "Giele, Walter T. and Keller, Stephane",
    title = "{Implications of hadron collider observables on parton distribution function uncertainties}",
    eprint = "hep-ph/9803393",
    archivePrefix = "arXiv",
    reportNumber = "FERMILAB-PUB-98-082-T",
    doi = "10.1103/PhysRevD.58.094023",
    journal = "Phys. Rev. D",
    volume = "58",
    pages = "094023",
    year = "1998"
}

@article{Schmidt:2018hvu,
    author = "Schmidt, Carl and Pumplin, Jon and Yuan, C. P. and Yuan, P.",
    title = "{Updating and optimizing error parton distribution function sets in the Hessian approach}",
    eprint = "1806.07950",
    archivePrefix = "arXiv",
    primaryClass = "hep-ph",
    reportNumber = "MSUHEP-18-006",
    doi = "10.1103/PhysRevD.98.094005",
    journal = "Phys. Rev. D",
    volume = "98",
    number = "9",
    pages = "094005",
    year = "2018"
}


@article{Wang:2018heo,
    author = "Wang, Bo-Ting and Hobbs, T. J. and Doyle, Sean and Gao, Jun and Hou, Tie-Jiun and Nadolsky, Pavel M. and Olness, Fredrick I.",
    title = "{Mapping the sensitivity of hadronic experiments to nucleon structure}",
    eprint = "1803.02777",
    archivePrefix = "arXiv",
    primaryClass = "hep-ph",
    reportNumber = "SMU-HEP-18-04",
    doi = "10.1103/PhysRevD.98.094030",
    journal = "Phys. Rev. D",
    volume = "98",
    number = "9",
    pages = "094030",
    year = "2018"
}

@article{Aschenauer:2020pdk,
    author = "Borsa, Ignacio and Lucero, Gonzalo and Sassot, Rodolfo and Aschenauer, Elke C. and Nunes, Ana S.",
    title = "{Revisiting helicity parton distributions at a future electron-ion collider}",
    eprint = "2007.08300",
    archivePrefix = "arXiv",
    primaryClass = "hep-ph",
    doi = "10.1103/PhysRevD.102.094018",
    journal = "Phys. Rev. D",
    volume = "102",
    number = "9",
    pages = "094018",
    year = "2020"
}


@article{Harland-Lang:2014zoa,
    author = "Harland-Lang, L. A. and Martin, A. D. and Motylinski, P. and Thorne, R. S.",
    title = "{Parton distributions in the LHC era: MMHT 2014 PDFs}",
    eprint = "1412.3989",
    archivePrefix = "arXiv",
    primaryClass = "hep-ph",
    reportNumber = "LCTS-2014-47, IPPP-14-97, DCPT-14-194",
    doi = "10.1140/epjc/s10052-015-3397-6",
    journal = "Eur. Phys. J. C",
    volume = "75",
    number = "5",
    pages = "204",
    year = "2015"
}


@article{Hou:2019efy,
    author = "Hou, Tie-Jiun and others",
    title = "{New CTEQ global analysis of quantum chromodynamics with high-precision data from the LHC}",
    eprint = "1912.10053",
    archivePrefix = "arXiv",
    primaryClass = "hep-ph",
    reportNumber = "MSUHEP-19-025, PITT-PACC-1911, SMU-HEP-19-03",
    doi = "10.1103/PhysRevD.103.014013",
    journal = "Phys. Rev. D",
    volume = "103",
    number = "1",
    pages = "014013",
    year = "2021"
}

@article{Accardi:2016qay,
    author = "Accardi, A. and Brady, L. T. and Melnitchouk, W. and Owens, J. F. and Sato, N.",
    title = "{Constraints on large-$x$ parton distributions from new weak boson production and deep-inelastic scattering data}",
    doi = "10.1103/PhysRevD.93.114017",
    journal = "Phys. Rev. D",
    volume = "93",
    number = "11",
    pages = "114017",
    year = "2016"
}

@article{Alekhin:2018pai,
    author = {Alekhin, S. and Bl\"umlein, J. and Moch, S.},
    title = "{NLO PDFs from the ABMP16 fit}",
    eprint = "1803.07537",
    archivePrefix = "arXiv",
    primaryClass = "hep-ph",
    reportNumber = "DESY 18-026, DO-TH 17/28, DESY-18-026, DO-TH-17-28",
    doi = "10.1140/epjc/s10052-018-5947-1",
    journal = "Eur. Phys. J. C",
    volume = "78",
    number = "6",
    pages = "477",
    year = "2018"
}


@article{Moffat:2021dji,
    author = "Moffat, Eric and Melnitchouk, Wally and Rogers, Ted and Sato, Nobuo",
    title = "{Simultaneous Monte Carlo analysis of parton densities and fragmentation functions}",
    eprint = "2101.04664",
    archivePrefix = "arXiv",
    primaryClass = "hep-ph",
    reportNumber = "JLAB-THY-21-3304",
    month = "1",
    year = "2021"
}



@article{Cammarota:2020qcw,
    author = "Cammarota, Justin and Gamberg, Leonard and Kang, Zhong-Bo and Miller, Joshua A. and Pitonyak, Daniel and Prokudin, Alexei and Rogers, Ted C. and Sato, Nobuo",
    collaboration = "Jefferson Lab Angular Momentum",
    title = "{Origin of single transverse-spin asymmetries in high-energy collisions}",
    doi = "10.1103/PhysRevD.102.054002",
    journal = "Phys. Rev. D",
    volume = "102",
    number = "5",
    pages = "054002",
    year = "2020"
}

@article{Barry:2018ort,
    author = "Barry, P. C. and Sato, N. and Melnitchouk, W. and Ji, Chueng-Ryong",
    title = "{First {Monte Carlo Global QCD} Analysis of Pion Parton Distributions}",
    doi = "10.1103/PhysRevLett.121.152001",
    journal = "Phys. Rev. Lett.",
    volume = "121",
    number = "15",
    pages = "152001",
    year = "2018"
}

@article{Ethier:2017zbq,
    author = "Ethier, J. J. and Sato, N. and Melnitchouk, W.",
    title = "{First simultaneous extraction of spin-dependent parton distributions and fragmentation functions from a global {QCD} analysis}",
    doi = "10.1103/PhysRevLett.119.132001",
    journal = "Phys. Rev. Lett.",
    volume = "119",
    number = "13",
    pages = "132001",
    year = "2017"
}


@article{AbdulKhalek:2019mzd,
    author = "Abdul Khalek, Rabah and Ethier, Jacob J. and Rojo, Juan",
    collaboration = "NNPDF",
    title = "{Nuclear parton distributions from lepton-nucleus scattering and the impact of an electron-ion collider}",
    doi = "10.1140/epjc/s10052-019-6983-1",
    journal = "Eur. Phys. J. C",
    volume = "79",
    number = "6",
    pages = "471",
    year = "2019"
}


@article{Bertone:2018ecm,
    author = "Bertone, V. and Hartland, N. P. and Nocera, E. R. and Rojo, J. and Rottoli, L.",
    collaboration = "NNPDF",
    title = "{Charged hadron fragmentation functions from collider data}",
    doi = "10.1140/epjc/s10052-018-6130-4",
    journal = "Eur. Phys. J. C",
    volume = "78",
    number = "8",
    pages = "651",
    year = "2018"
}

@article{Ball:2011uy,
    author = "Ball, Richard D. and Bertone, Valerio and Cerutti, Francesco and Del Debbio, Luigi and Forte, Stefano and Guffanti, Alberto and Latorre, Jose I. and Rojo, Juan and Ubiali, Maria",
    collaboration = "NNPDF",
    title = "{Unbiased global determination of parton distributions and their uncertainties at {NNLO and at LO}}",
    doi = "10.1016/j.nuclphysb.2011.09.024",
    journal = "Nucl. Phys. B",
    volume = "855",
    pages = "153--221",
    year = "2012"
}


@article{Nocera:2014gqa,
    author = "Nocera, Emanuele R. and Ball, Richard D. and Forte, Stefano and Ridolfi, Giovanni and Rojo, Juan",
    collaboration = "NNPDF",
    title = "{A first unbiased global determination of polarized {PDFs} and their uncertainties}",
    doi = "10.1016/j.nuclphysb.2014.08.008",
    journal = "Nucl. Phys. B",
    volume = "887",
    pages = "276--308",
    year = "2014"
}

@article{DelDebbio:2020rgv,
    author = "Del Debbio, Luigi and Giani, Tommaso and Karpie, Joseph and Orginos, Kostas and Radyushkin, Anatoly and Zafeiropoulos, Savvas",
    title = "{Neural-network analysis of {Parton Distribution Functions from Ioffe-time} pseudodistributions}",
    doi = "10.1007/JHEP02(2021)138",
    journal = "JHEP",
    volume = "02",
    pages = "138",
    year = "2021"
}


@article{Bringewatt:2020ixn,
    author = "Bringewatt, J. and Sato, N. and Melnitchouk, W. and Qiu, Jian-Wei and Steffens, F. and Constantinou, M.",
    title = "{Confronting lattice parton distributions with global {QCD} analysis}",
    doi = "10.1103/PhysRevD.103.016003",
    journal = "Phys. Rev. D",
    volume = "103",
    number = "1",
    pages = "016003",
    year = "2021"
}

@article{Lin:2017stx,
    author = "Lin, Huey-Wen and Melnitchouk, W. and Prokudin, Alexei and Sato, N. and Shows, H.",
    title = "{First {Monte Carlo} Global Analysis of Nucleon Transversity with Lattice {QCD} Constraints}",
    doi = "10.1103/PhysRevLett.120.152502",
    journal = "Phys. Rev. Lett.",
    volume = "120",
    number = "15",
    pages = "152502",
    year = "2018"
}


@article{Sato:2016wqj,
    author = "Sato, Nobuo and Ethier, J. J. and Melnitchouk, W. and Hirai, M. and Kumano, S. and Accardi, A.",
    title = "{First {Monte Carlo} analysis of fragmentation functions from single-inclusive $e^+ e^-$ annihilation}",
    doi = "10.1103/PhysRevD.94.114004",
    journal = "Phys. Rev. D",
    volume = "94",
    number = "11",
    pages = "114004",
    year = "2016"
}

@article{Sato:2016tuz,
    author = "Sato, Nobuo and Melnitchouk, W. and Kuhn, S. E. and Ethier, J. J. and Accardi, A.",
    collaboration = "Jefferson Lab Angular Momentum",
    title = "{Iterative {Monte Carlo} analysis of spin-dependent parton distributions}",
    doi = "10.1103/PhysRevD.93.074005",
    journal = "Phys. Rev. D",
    volume = "93",
    number = "7",
    pages = "074005",
    year = "2016"
}

@unpublished{Romano2020,
author = {C. Romano},
title = {Proceedings of the Workshop for Applied Nuclear Data: WANDA 2020},
note = {},
year = {2020},
url = {https://www.osti.gov/biblio/1649010-proceedings-workshop-applied-nuclear-data-wanda},
}


@unpublished{Schnabel2020,
author = {G. Schnabel},
title = {Conception and software implementation of a nuclear data evaluation pipeline},
year = {2020},
note = {},
archivePrefix = {arXiv},
eprint = {2009.00521v1},
}

@inproceedings{Soto2019,
author = {C. Soto},
title = {Visual Detection with Context for Document Layout Analysis},
booktitle = {Proceedings of the 2019 Conference on Empirical Methods in Natural Language Processing and the 9th International Joint Conference on Natural Language Processing (EMNLP-IJCNLP)},
year = {2019},
publisher = {Association for Computational Linguistics},
address = {Hong Kong, China},
url = {https://www.aclweb.org/anthology/D19-1348.pdf},
pages = {3464},
}

@article{Pritychenko2011,
author = {B. Pritychenko},
title = {The Nuclear Science References (NSR) database and Web Retrieval System},
journal = {Nucl. Inst. Meth. Phys. Res. A},
year = {2011},
volume = {640},
number = {},
pages = {213},
}

@article{Tshitoyan2019,
author = {V. Tshitoyan},
title = {Unsupervised word embeddings capture latent knowledge from materials science literature},
journal = {Nature},
year = {2019},
volume = {571},
pages = {95-98},
}


@article{Sato:2019yez,
    author = "Sato, N. and Andres, C. and Ethier, J. J. and Melnitchouk, W.",
    collaboration = "JAM",
    title = "{Strange quark suppression from a simultaneous Monte Carlo analysis of parton distributions and fragmentation functions}",
    eprint = "1905.03788",
    archivePrefix = "arXiv",
    primaryClass = "hep-ph",
    reportNumber = "JLAB-THY-19-2927, Nikhef-2019-012",
    doi = "10.1103/PhysRevD.101.074020",
    journal = "Phys. Rev. D",
    volume = "101",
    number = "7",
    pages = "074020",
    year = "2020"
}

@article{Ball:2010de,
    author = "Ball, Richard D. and Del Debbio, Luigi and Forte, Stefano and Guffanti, Alberto and Latorre, Jose I. and Rojo, Juan and Ubiali, Maria",
    title = "{A first unbiased global NLO determination of parton distributions and their uncertainties}",
    doi = "10.1016/j.nuclphysb.2010.05.008",
    journal = "Nucl. Phys. B",
    volume = "838",
    pages = "136--206",
    year = "2010"
}

@article{Pumplin:2002vw,
    author = "Pumplin, J. and Stump, D. R. and Huston, J. and Lai, H. L. and Nadolsky, Pavel M. and Tung, W. K.",
    title = "{New generation of parton distributions with uncertainties from global QCD analysis}",
    eprint = "hep-ph/0201195",
    archivePrefix = "arXiv",
    reportNumber = "MSU-HEP-011101",
    doi = "10.1088/1126-6708/2002/07/012",
    journal = "JHEP",
    volume = "07",
    pages = "012",
    year = "2002"
}

@article{li2018genetic_accel_ML,
  title={Genetic algorithm enhanced by machine learning in dynamic aperture optimization},
  author={Li, Y. and Cheng, W. and Yu, L. H. and Rainer, R.},
  journal={Phys. Rev. Accel. Beams},
  volume={21},
  number={5},
  pages={054601},
  year={2018},
  doi={https://doi.org/10.1103/PhysRevAccelBeams.21.054601},
  publisher={APS}
}

@article{edelen2020machine_accel_ML,
  title={Machine learning for orders of magnitude speedup in multiobjective optimization of particle accelerator systems},
  author={Edelen, A. and Neveu, N. and Frey, M. and Huber, Y. and Mayes, C. and Adelmann, A.},
  journal={Phys. Rev. Accel. Beams},
  volume={23},
  number={4},
  pages={044601},
  year={2020},
  doi={https://doi.org/10.1103/PhysRevAccelBeams.23.044601},
  publisher={APS}
}

@article{kranjvcevic2021multiobjective_accel_ML,
  title={Multiobjective optimization of the dynamic aperture using surrogate models based on artificial neural networks},
  author={Kranj{\v{c}}evi{\'c}, M. and Riemann, B. and Adelmann, A. and Streun, A.},
  journal={Phys. Rev. Accel. Beams},
  volume={24},
  number={1},
  pages={014601},
  year={2021},
  doi={https://doi.org/10.1103/PhysRevAccelBeams.24.014601},
  publisher={APS}
}

@article{emma2018machine_accel_ML,
  title={Machine learning-based longitudinal phase space prediction of particle accelerators},
  author={Emma, C. and Edelen, A. and Hogan, MJ. and O’Shea, B. and White, G. and Yakimenko, V.},
  journal={Phys. Rev. Accel. Beams},
  volume={21},
  number={11},
  pages={112802},
  year={2018},
  doi={https://doi.org/10.1103/PhysRevAccelBeams.21.112802},
  publisher={APS}
}

@article{hanuka2021accurate_accel_ML,
  title={Accurate and confident prediction of electron beam longitudinal properties using spectral virtual diagnostics},
  author={Hanuka, A. and Emma, C. and Maxwell, T. and Fisher, A. S. and Jacobson, B. and Hogan, M. J. and Huang, Z.},
  journal={Sci. Rep.},
  volume={11},
  number={1},
  pages={1--10},
  year={2021},
  doi={https://doi.org/10.1038/s41598-021-82473-0},
  publisher={Nature Publishing Group}
}

@article{zhu2021deep_accel_ML,
  title={Deep learning-based autoencoder for data-driven Modeling of an {RF} photoinjector},
  author={Zhu, J. and Chen, Y. and Brinker, F. and Decking, W. and Tomin, S. and Schlarb, H.},
  journal={arXiv preprint arXiv:2101.10437},
  url={https://arxiv.org/abs/2101.10437},
  year={2021}
}

@article{scheinker2020adaptive_accel_ML,
  title={Adaptive model tuning studies for non-invasive diagnostics and feedback control of plasma wakefield acceleration at {FACET-II}},
  author={Scheinker, A. and Gessner, S. and Emma, C. and Edelen, A. L.},
  journal={Nucl. Instrum. Methods Phys. Res. A: Accel. Spectrom. Detect. Assoc. Equip.},
  volume={967},
  pages={163902},
  year={2020},
  doi={https://doi.org/10.1016/j.nima.2020.163902},
  publisher={Elsevier}
}

@inproceedings{mcintire2016bayesian,
  title={Bayesian optimization of {FEL} performance at {LCLS}},
  author={McIntire, M. and Cope, T. and Ermon, S. and Ratner, D. and others},
  booktitle={Proc. 7th Int. Particle Accelerator Conf.},
  year={2016},
  url={https://accelconf.web.cern.ch/IPAC2016/papers/wepow055.pdf}
}

@article{li2019bayesian,
  title={Bayesian approach for linear optics correction},
  author={Li, Y. and Rainer, R. and Cheng, W.},
  journal={Phys. Rev. Accel. Beams},
  volume={22},
  number={1},
  pages={012804},
  year={2019},
  doi={https://doi.org/10.1103/PhysRevAccelBeams.22.012804},
  publisher={APS}
}

@article{hao2019reconstruction,
  title={Reconstruction of storage ring's linear optics with {Bayesian} inference},
  author={Hao, Y. and Li, Y. and Balcewicz, M. and Neufcourt, L. and Cheng, W.},
  journal={arXiv preprint arXiv:1902.11157},
  year={2019},
  url={https://arxiv.org/abs/1902.11157}
}

@article{duris2020bayesian,
  title={Bayesian optimization of a free-electron laser},
  author={Duris, J. and Kennedy, D. and Hanuka, A. and Shtalenkova, J. and Edelen, A. and Baxevanis, P. and Egger, A. and Cope, T. and McIntire, M. and Ermon, S. and others},
  journal={Phys. Rev. Lett.},
  volume={124},
  number={12},
  pages={124801},
  year={2020},
  doi={https://doi.org/10.1103/PhysRevLett.124.124801},
  publisher={APS}
}

@article{li2019analysis,
  title={Analysis of beam position monitor requirements with {Bayesian} {Gaussian} regression},
  author={Li, Y. and Hao, Y. and Cheng, W. and Rainer, R.},
  journal={arXiv preprint arXiv:1904.05683},
  year={2019},
  url={https://arxiv.org/abs/1904.05683}
}

@article{shalloo2020automation,
  title={Automation and control of laser wakefield accelerators using {Bayesian} optimization},
  author={Shalloo, R. J. and Dann, S. J. D. and Gruse, J. N. and Underwood, C. I. D. and Antoine, A. F. and Arran, C. and Backhouse, M. and Baird, C. D. and Balcazar, M. D. and Bourgeois, N. and others},
  journal={Nat. Commun.},
  volume={11},
  number={1},
  pages={1--8},
  year={2020},
  doi={https://doi.org/10.1038/s41467-020-20245-6},
  publisher={Nature Publishing Group}
}

@inproceedings{fol2019optics,
  title={Optics corrections using machine learning in the {LHC}},
  author={Fol, E. and de Portugal, J. M. C. and Franchetti, G. and Tom{\'a}s, R.},
  booktitle={Proc. 10th Int. Particle Accelerator Conf.(IPAC’19)},
  pages={3990--3993},
  year={2019},
  doi={doi:10.18429/JACoW-IPAC2019-THPRB077},
  url={https://accelconf.web.cern.ch/ipac2019/papers/THPRB077.pdf}
}

@inproceedings{fol2019unsupervised,
  title={Unsupervised machine learning for detection of faulty beam position monitors},
  author={Fol, E. and de Portugal, J. M. C. and Tom{\'a}s, R. and others},
  booktitle={Proc. 10th Int. Particle Accelerator Conf.(IPAC’19), Melbourne, Australia},
  volume={2668},
  year={2019},
  doi={doi:10.18429/JACoW-IPAC2019-WEPGW081},
  url={https://accelconf.web.cern.ch/ipac2019/papers/wepgw081.pdf}
}

@article{fol2021supervised,
  title={Supervised learning-based reconstruction of magnet errors in circular accelerators},
  author={Fol, E. and Tom{\'a}s, R. and Franchetti, G.},
  journal={European Phys. J. Plus},
  volume={136},
  number={4},
  pages={1--19},
  year={2021},
  doi={https://doi.org/10.1140/epjp/s13360-021-01348-5},
  publisher={Springer}
}

@article{arpaia2021machine,
  title={Machine learning for beam dynamics studies at the {CERN} {Large} {Hadron} {Collider}},
  author={Arpaia, P. and Azzopardi, G. and Blanc, F. and Bregliozzi, G. and Buffat, X. and Coyle, L. and Fol, E. and Giordano, F. and Giovannozzi, M. and Pieloni, T. and others},
  journal={Nucl. Instrum. Methods Phys. Res. A: Accel. Spectrom. Detect. Assoc. Equip.},
  volume={985},
  pages={164652},
  year={2021},
  doi={https://doi.org/10.1016/j.nima.2020.164652},
  publisher={Elsevier}
}

@article{adelmann2019nonintrusive,
  title={On nonintrusive uncertainty quantification and surrogate model construction in particle accelerator modeling},
  author={Adelmann, A.},
  journal={SIAM/ASA Journal on Uncertainty Quantification},
  volume={7},
  number={2},
  pages={383--416},
  year={2019},
  doi={https://doi.org/10.1137/16M1061928},
  publisher={SIAM}
}

@article{hirlaender2020model,
  title={Model-free and {Bayesian} ensembling model-based deep reinforcement learning for particle accelerator control demonstrated on the {FERMI} {FEL}},
  author={Hirlaender, S. and Bruchon, N.},
  journal={arXiv preprint arXiv:2012.09737},
  year={2020},
  url={https://arxiv.org/abs/2012.09737}
}

@article{kain2020sample,
  title={Sample-efficient reinforcement learning for {CERN} accelerator control},
  author={Kain, V. and Hirlander, S. and Goddard, B. and Velotti, F. M. and Della Porta, G. Z. and Bruchon, N. and Valentino, G.},
  journal={Phys. Rev. Accel. Beams},
  volume={23},
  number={12},
  pages={124801},
  year={2020},
  doi={https://doi.org/10.1103/PhysRevAccelBeams.23.124801},
  publisher={APS}
}

@article{bruchon2020basic,
  title={Basic reinforcement learning techniques to control the intensity of a seeded free-electron laser},
  author={Bruchon, N. and Fenu, G. and Gaio, G. and Lonza, M. and O’Shea, F. H. and Pellegrino, F. A. and Salvato, E.},
  journal={Electronics},
  volume={9},
  number={5},
  pages={781},
  year={2020},
  doi={https://doi.org/10.3390/electronics9050781},
  publisher={Multidisciplinary Digital Publishing Institute}
}

@article{RADAIDEH2020287,
title = {Analyzing nuclear reactor simulation data and uncertainty with the group method of data handling},
journal = {Nuclear Engineering and Technology},
volume = {52},
number = {2},
pages = {287-295},
year = {2020},
issn = {1738-5733},
doi = {10.1016/j.net.2019.07.023},
url = {https://www.sciencedirect.com/science/article/pii/S1738573319300774},
author = {Majdi I. Radaideh and Tomasz Kozlowski},
keywords = {Uncertainty quantification, GMDH, Surrogate modeling, Deep learning, Reactor simulations},
abstract = {Group method of data handling (GMDH) is considered one of the earliest deep learning methods. Deep learning gained additional interest in today's applications due to its capability to handle complex and high dimensional problems. In this study, multi-layer GMDH networks are used to perform uncertainty quantification (UQ) and sensitivity analysis (SA) of nuclear reactor simulations. GMDH is utilized as a surrogate/metamodel to replace high fidelity computer models with cheap-to-evaluate surrogate models, which facilitate UQ and SA tasks (e.g. variance decomposition, uncertainty propagation, etc.). GMDH performance is validated through two UQ applications in reactor simulations: (1) low dimensional input space (two-phase flow in a reactor channel), and (2) high dimensional space (8-group homogenized cross-sections). In both applications, GMDH networks show very good performance with small mean absolute and squared errors as well as high accuracy in capturing the target variance. GMDH is utilized afterward to perform UQ tasks such as variance decomposition through Sobol indices, and GMDH-based uncertainty propagation with large number of samples. GMDH performance is also compared to other surrogates including Gaussian processes and polynomial chaos expansions. The comparison shows that GMDH has competitive performance with the other methods for the low dimensional problem, and reliable performance for the high dimensional problem.}
}

@article{o2020policy,
  title={Policy gradient methods for free-electron laser and terahertz source optimization and stabilization at the {FERMI} free-electron laser at {Elettra}},
  author={O’Shea, F. H. and Bruchon, N. and Gaio, G.},
  journal={Phys. Rev. Accel. Beams},
  volume={23},
  number={12},
  pages={122802},
  year={2020},
  doi={https://doi.org/10.1103/PhysRevAccelBeams.23.122802},
  publisher={APS}
}

@book{goodfellow2016deep,
  title={Deep learning},
  author={Goodfellow, I. and Bengio, Y. and Courville, A.},
  year={2016},
  publisher={MIT press}
}


@inproceedings{zeiler2010deconvolutional,
  title={Deconvolutional networks},
  author={Zeiler, M. D. and Krishnan, D. and Taylor, G. W. and Fergus, R.},
  booktitle={Proc. 2010 IEEE Computer Society Computer Vision and Pattern Recognition Conf.},
  pages={2528--2535},
  year={2010},
  doi={10.1109/CVPR.2010.5539957},
  url={https://ieeexplore.ieee.org/abstract/document/5539957},
  organization={IEEE}
}

@inproceedings{castrejon2016learning,
  title={Learning aligned cross-modal representations from weakly aligned data},
  author={Castrejon, L. and Aytar, Y. and Vondrick, C. and Pirsiavash, H. and Torralba, A.},
  booktitle={Proc. IEEE Computer Vision and Pattern Recognition Conf.},
  pages={2940--2949},
  year={2016},
  url={https://www.cv-foundation.org/openaccess/content_cvpr_2016/papers/Castrejon_Learning_Aligned_Cross-Modal_CVPR_2016_paper.pdf}
}

@article{shen2019convolutional,
  title={Convolutional neural network-based method for real-time orientation indexing of measured electron backscatter diffraction patterns},
  author={Shen, Y. F. and Pokharel, R. and Nizolek, T. J. and Kumar, A. and Lookman, T.},
  journal={Acta Materialia},
  volume={170},
  pages={118--131},
  year={2019},
  doi={https://doi.org/10.1016/j.actamat.2019.03.026},
  publisher={Elsevier}
}

@inproceedings{scheinker2013model,
  title={Model independent beam tuning},
  author={Scheinker, A.},
  booktitle={Proc. 2013 Int. Particle Accelerator Conf.},
  year={2013},
  url={https://accelconf.web.cern.ch/ipac2013/papers/tupwa068.pdf},
  ISBN = {978-3-95450-122-9}
}

@book{scheinker2017model,
  title={Model-free stabilization by extremum seeking},
  author={Scheinker, A. and Krsti{\'c}, M.},
  year={2017},
  url={https://link.springer.com/book/10.1007/978-3-319-50790-3},
  publisher={Springer}
}

@article{scheinker2019model,
  title={Model-independent tuning for maximizing free electron laser pulse energy},
  author={Scheinker, A. and Bohler, D. and Tomin, S. and Kammering, R. and Zagorodnov, I. and Schlarb, H. and Scholz, M. and Beutner, B. and Decking, W.},
  journal={Phys. Rev. Accel. Beams},
  volume={22},
  number={8},
  pages={082802},
  year={2019},
  url={https://doi.org/10.1103/PhysRevAccelBeams.22.082802},
  publisher={APS}
}

@article{scheinker2020online,
  title={Online multi-objective particle accelerator optimization of the {AWAKE} electron beam line for simultaneous emittance and orbit control},
  author={Scheinker, A. and Hirlaender, S. and Velotti, F. M. and Gessner, S. and Della Porta, G. Z. and Kain, V. and Goddard, B. and Ramjiawan, R.},
  journal={AIP Advances},
  volume={10},
  number={5},
  pages={055320},
  year={2020},
  doi={https://doi.org/10.1063/5.0003423},
  publisher={AIP Publishing LLC}
}

@article{scheinker2015adaptive,
  title={Adaptive method for electron bunch profile prediction},
  author={Scheinker, A. and Gessner, S.},
  journal={Phys. Rev. Accel. Beams},
  volume={18},
  number={10},
  pages={102801},
  year={2015},
  doi={https://doi.org/10.1103/PhysRevSTAB.18.102801},
  publisher={APS}
}

@article{scheinker2021extremum,
  title={Extremum seeking for optimal control problems with unknown time-varying systems and unknown objective functions},
  author={Scheinker, A. and Scheinker, D.},
  journal={Int. J. Adapt. Control},
  volume={35},
  number={7},
  pages={1143--1161},
  year={2021},
  doi={https://doi.org/10.1002/acs.3097},
  publisher={Wiley Online Library}
}

@article{scheinker2018demonstration,
  title={Demonstration of model-independent control of the longitudinal phase space of electron beams in the linac-coherent light source with femtosecond resolution},
  author={Scheinker, A. and Edelen, A. and Bohler, D. and Emma, C. and Lutman, A.},
  journal={Phys. Rev. Lett.},
  volume={121},
  number={4},
  pages={044801},
  year={2018},
  doi={https://doi.org/10.1103/PhysRevLett.121.044801},
  publisher={APS}
}


@article{scheinker2021adaptive_ML,
  title={An adaptive approach to machine learning for compact particle accelerators},
  author={Scheinker, A. and Cropp, F. and Paiagua, S. and Filippetto, D.},
  journal={Sci. Rep},
  vol={11},
  year={2021},
  doi={https://doi.org/10.1038/s41598-021-98785-0}
}

@article{scheinker2021adaptive,
  title={Adaptive machine learning for robust diagnostics and control of time-varying particle accelerator components and beams},
  author={Scheinker, A.},
  journal={Information},
  volume={12},
  number={4},
  pages={161},
  year={2021},
  doi={https://doi.org/10.3390/info12040161},
  publisher={Multidisciplinary Digital Publishing Institute}
}

@article{scheinker2021adaptive_latentspace,
  title={Adaptive machine learning for time-varying systems: low dimensional latent space tuning},
  author={Scheinker, A.},
  journal={J. Instrum.},
  volume={16},
  number={10},
  year={2021},
  doi={https://doi.org/10.1088/1748-0221/16/10/p10008},
  url={https://doi.org/10.1088/1748-0221/16/10/p10008}
}

@misc{zhang2021survey,
      title={A Survey on Multi-Task Learning}, 
      author={Yu Zhang and Qiang Yang},
      year={2021},
      eprint={1707.08114},
      archivePrefix={arXiv},
      primaryClass={cs.LG}
}

@article{nagai2020self,
  title={Self-learning hybrid {Monte} {Carlo}: {A} first-principles approach},
  author={Nagai, Y. and Okumura, M. and Kobayashi, K. and Shiga, M.},
  journal={Phys. Rev. B},
  volume={102},
  number={4},
  pages={041124},
  year={2020},
  doi={https://doi.org/10.1103/PhysRevB.102.041124},
  publisher={APS}
}
@article{PhysRevLett.81.1562,
  title = {Evidence for oscillation of atmospheric neutrinos},
  author = {Fukuda, Y. and others},
  collaboration = {Super-Kamiokande Collaboration},
  journal = {Phys. Rev. Lett.},
  volume = {81},
  issue = {8},
  pages = {1562--1567},
  numpages = {0},
  year = {1998},
  month = {Aug},
  publisher = {American Physical Society},
  doi = {10.1103/PhysRevLett.81.1562}
}


@article{PhysRevLett.89.011301,
  title = {Direct evidence for neutrino flavor transformation from neutral-current interactions in the {Sudbury Neutrino Observatory}},
  author = {Ahmad, Q. R. and others},
  collaboration = {SNO Collaboration},
  journal = {Phys. Rev. Lett.},
  volume = {89},
  issue = {1},
  pages = {011301},
  numpages = {6},
  year = {2002},
  month = {Jun},
  publisher = {American Physical Society},
  doi = {10.1103/PhysRevLett.89.011301}
}

@article{PhysRevLett.90.021802,
  title = {First results from {KamLAND}: evidence for reactor antineutrino disappearance},
  author = {Eguchi, K. and others},
  collaboration = {KamLAND Collaboration},
  journal = {Phys. Rev. Lett.},
  volume = {90},
  issue = {2},
  pages = {021802},
  numpages = {6},
  year = {2003},
  month = {Jan},
  publisher = {American Physical Society},
  doi = {10.1103/PhysRevLett.90.021802}
}

@article{BahaBalantekin:2018ppj,
    author = "Balantekin, A. B. and Kayser, B.",
    title = "{On the properties of neutrinos}",
    doi = "10.1146/annurev-nucl-101916-123044",
    journal = "Ann. Rev. Nucl. Part. Sci.",
    volume = "68",
    pages = "313--338",
    year = "2018"
}

@article{Psihas:2020pby,
    author = "Psihas, F. and Groh, M. and Tunnell, C. and Warburton, K.",
    title = "{A review on machine learning for neutrino experiments}",
    doi = "10.1142/S0217751X20430058",
    journal = "Int. J. Mod. Phys. A",
    volume = "35",
    number = "33",
    pages = "2043005",
    year = "2020"
}

@mastersthesis{Brice:1996pm,
    author = "Brice, S. J.",
    title = "{Monte carlo and analysis techniques for the {Sudbury Neutrino Observatory}}",
    school = "University of Oxford",
    type = "PhD thesis",
    year = "1996"
}

@article{Formaggio:2021nfz,
    author = "Formaggio, J. A. and de Gouv\^ea, A. L. C. and Robertson, R. G. H.",
    title = "{Direct measurements of neutrino mass}",
    doi = "10.1016/j.physrep.2021.02.002",
    journal = "Phys. Rept.",
    volume = "914",
    pages = "1--54",
    year = "2021"
}

@article{ref:p8_signal_classification,
    author = "Ashtari Esfahani, A. and others",
    doi = "10.1088/1367-2630/ab71bd",
    journal = "New J. Phys.",
    number = "3",
    pages = "033004",
     title = "{Cyclotron radiation emission spectroscopy signal classification with machine learning in Project8}",
    volume = "22",
    year = "2020"
}

@article{Monreal:2009za,
    author = "Monreal, B. and Formaggio, J. A.",
    title = "{Relativistic cyclotron radiation detection of tritium decay electrons as a new technique for measuring the neutrino mass}",
    doi = "10.1103/PhysRevD.80.051301",
    journal = "Phys. Rev. D",
    volume = "80",
    pages = "051301",
    year = "2009"
}

@article{Dolinski:2019nrj,
    author = "Dolinski, M. J. and Poon, A. W. P. and Rodejohann, W.",
    title = "{Neutrinoless double-beta decay: status and prospects}",
    doi = "10.1146/annurev-nucl-101918-023407",
    journal = "Ann. Rev. Nucl. Part. Sci.",
    volume = "69",
    pages = "219--251",
    year = "2019"
}

@article{GERDA:2020xhi,
    author = "Agostini, M. and others",
    collaboration = "GERDA",
    title = "{Final results of {GERDA} on the search for neutrinoless double-$\beta$ decay}",
    doi = "10.1103/PhysRevLett.125.252502",
    journal = "Phys. Rev. Lett.",
    volume = "125",
    number = "25",
    pages = "252502",
    year = "2020"
}

@article{Majorana:2019nbd,
    author = "Alvis, S. I. and others",
    collaboration = "Majorana",
    title = "{A search for neutrinoless double-beta decay in $^{76}$Ge with 26 kg-yr of exposure from the {MAJORANA DEMONSTRATOR}}",
    doi = "10.1103/PhysRevC.100.025501",
    journal = "Phys. Rev. C",
    volume = "100",
    number = "2",
    pages = "025501",
    year = "2019"
}

@article{LEGEND:2021bnm,
    author = "Abgrall, N. and others",
    collaboration = "LEGEND",
    title = "{The large enriched germanium experiment for neutrinoless $\beta\beta$ decay: {LEGEND-1000} preconceptual design report}",
    eprint = "2107.11462",
    archivePrefix = "arXiv",
    primaryClass = "physics.ins-det",
    month = "7",
    year = "2021"
}

@article{CUPID:2019imh,
    author = "Armstrong, W. R. and others",
    collaboration = "CUPID",
    title = "{CUPID {pre-CDR}}",
    eprint = "1907.09376",
    archivePrefix = "arXiv",
    primaryClass = "physics.ins-det",
    month = "7",
    year = "2019"
}

@article{CUORE:2014erp,
    author = "Artusa, D. R. and others",
    collaboration = "CUORE",
    title = "{Searching for neutrinoless double-beta decay of $^{130}$Te with {CUORE}}",
    doi = "10.1155/2015/879871",
    journal = "Adv. High Energy Phys.",
    volume = "2015",
    pages = "879871",
    year = "2015"
}

@article{SNO:2020fhu,
    author = "Anderson, M. R. and others",
    collaboration = "SNO+",
    title = "{Development, characterisation, and deployment of the {SNO+} liquid scintillator}",
    doi = "10.1088/1748-0221/16/05/P05009",
    journal = "JINST",
    volume = "16",
    number = "05",
    pages = "P05009",
    year = "2021"
}

@article{KamLAND-Zen:2016pfg,
    author = "Gando, A. and others",
    collaboration = "KamLAND-Zen",
    title = "{Search for Majorana neutrinos near the inverted mass hierarchy region with {KamLAND-Zen}}",
    doi = "10.1103/PhysRevLett.117.082503",
    journal = "Phys. Rev. Lett.",
    volume = "117",
    number = "8",
    pages = "082503",
    year = "2016",
    note = "[Addendum: Phys.Rev.Lett. 117, 109903 (2016)]"
}

@article{EXO-200:2019rkq,
    author = "Anton, G. and others",
    collaboration = "EXO-200",
    title = "{Search for neutrinoless double-$\beta$ decay with the complete {EXO-200} dataset}",
    doi = "10.1103/PhysRevLett.123.161802",
    journal = "Phys. Rev. Lett.",
    volume = "123",
    number = "16",
    pages = "161802",
    year = "2019"
}

@article{nEXO:2018ylp,
    author = "Al Kharusi, S. and others",
    collaboration = "nEXO",
    title = "{nEXO pre-conceptual design report}",
    eprint = "1805.11142",
    archivePrefix = "arXiv",
    primaryClass = "physics.ins-det",
    month = "5",
    year = "2018"
}
@article{NEXT:2013wsz,
    author = "Gomez-Cadenas, J. J. and others",
    collaboration = "NEXT",
    title = "{Present status and future perspectives of the {NEXT} experiment}",
    doi = "10.1155/2014/907067",
    journal = "Adv. High Energy Phys.",
    volume = "2014",
    pages = "907067",
    year = "2014"
}

@article{Avignone:2019phg,
    author = "Avignone, F. T. and Elliott, S. R.",
    title = "{The search for double beta decay With germanium detectors: past, present, and future}",
    doi = "10.3389/fphy.2019.00006",
    journal = "Front. in Phys.",
    volume = "7",
    pages = "6",
    year = "2019"
}

@article{Renner_2017,
	doi = {10.1088/1748-0221/12/01/t01004},
	year = 2017,
	volume = {12},
	number = {01},
	pages = {T01004--T01004},
	author = {Renner, J. and others},
	title = {Background rejection in {NEXT} using deep neural networks},
	journal = {J. Instrum.}
}

@article{Kekic:2020cne,
    author = "Kekic, M. and others",
    collaboration = "NEXT",
    title = "{Demonstration of background rejection using deep convolutional neural networks in the {NEXT} experiment}",
    doi = "10.1007/JHEP01(2021)189",
    journal = "J. High Energ. Phys.",
    volume = "01",
    pages = "189",
    year = "2021"
}

@article{Nygren_2018,
	doi = {10.1088/1748-0221/13/03/p03015},
	year = 2018,
	month = {mar},
	publisher = {{IOP} Publishing},
	volume = {13},
	number = {03},
	pages = {P03015--P03015},
	author = {Nygren, D. R. and Jones, B. J. P. and L{\'{o}}pez-March, N. and Mei, Y. and Psihas, F. and Renner J.},
	title = {Neutrinoless double beta decay with82SeF6and direct ion imaging},
	journal = {JINST},
}

@article{Li:2019qgs,
    author = "Li, Z. and others",
    collaboration = "nEXO",
    title = "{Simulation of charge readout with segmented tiles in {nEXO}}",
    doi = "10.1088/1748-0221/14/09/P09020",
    journal = "JINST",
    volume = "14",
    number = "09",
    pages = "P09020",
    year = "2019"
}

@article{Delaquis:2018zqi,
    author = "Delaquis, S. and others",
    collaboration = "EXO",
    title = "{Deep neural networks for energy and position reconstruction in {EXO-200}}",
    doi = "10.1088/1748-0221/13/08/P08023",
    journal = "JINST",
    volume = "13",
    number = "08",
    pages = "P08023",
    year = "2018"
}


@article{Agostini:2013jta,
    author = "Agostini, M. and others",
    title = "{Pulse shape discrimination for {GERDA} phase I data}",
    doi = "10.1140/epjc/s10052-013-2583-7",
    journal = "Eur. Phys. J. C",
    volume = "73",
    number = "10",
    pages = "2583",
    year = "2013"
}

@article {Agostini1445,
	author = {Agostini, M. and others},
	title = {Probing {Majorana} neutrinos with double-$\beta$ decay},
	volume = {365},
	number = {6460},
	pages = {1445--1448},
	year = {2019},
	doi = {10.1126/science.aav8613},
	journal = {Science}
}


@article{Holl:2019xtt,
    author = "Holl, P. and Hauertmann, L. and Majorovits, B. and Schulz, O. and Schuster, M. and Zsigmond, A. J.",
    title = "{Deep learning based pulse shape discrimination for germanium detectors}",
    doi = "10.1140/epjc/s10052-019-6869-2",
    journal = "Eur. Phys. J. C",
    volume = "79",
    number = "6",
    pages = "450",
    year = "2019"
}

@article{Jany:2021rqs,
    author = "Jany, A. and others",
    title = "{Fabrication, characterization and analysis of a prototype high purity germanium detector for $^{76}$Ge-based neutrinoless double beta decay experiments}",
    doi = "10.1140/epjc/s10052-020-08781-3",
    journal = "Eur. Phys. J. C",
    volume = "81",
    number = "1",
    pages = "38",
    year = "2021"
}

@article{Caldwell:2014joz,
    author = "Caldwell, A. and Cossavella, F. and Majorovits, B. and Palioselitis, D. and Volynets, O.",
    title = "{Signal recognition efficiencies of artificial neural-network pulse-shape discrimination in HPGe $0\nu\beta\beta$-decay searches}",
    doi = "10.1140/epjc/s10052-015-3573-8",
    journal = "Eur. Phys. J. C",
    volume = "75",
    number = "7",
    pages = "350",
    year = "2015"
}

@article{Qiao:2018edn,
    author = "Qiao, H. and Lu, C. and Chen, X. and Han, K. and Ji, X. and Wang, S.",
    title = "{Signal-background discrimination with convolutional neural networks in the {PandaX-III} experiment using MC simulation}",
    doi = "10.1007/s11433-018-9233-5",
    journal = "Sci. China Phys. Mech. Astron.",
    volume = "61",
    number = "10",
    pages = "101007",
    year = "2018"
}

@article{Li:2021viv,
    author = "Li, T. and Wang, S. and Chen, Y. and Han, K. and Lin, H. and Ni, K. and Wang, W. and Xu, Y. and Zou, A.",
    title = "{Signal identification with {Kalman} filter towards background-free neutrinoless double beta decay searches in gaseous detectors}",
    journal = "J. High Energ. Phys.",
    volume = "6",
    pages = "106",
    year = "2021"

}

@article{Qian:2021vnh,
    author = "Qian, Z. and others",
    title = "{Vertex and energy reconstruction in JUNO with machine learning methods}",
    doi = "10.1016/j.nima.2021.165527",
    journal = "Nucl. Instrum. Meth. A",
    volume = "1010",
    pages = "165527",
    year = "2021"
}

@article{Li:2018rzw,
    author = "Li, A. and Elagin, A. and Fraker, S. and Grant, C. and Winslow, L.",
    title = "{Suppression of cosmic muon spallation backgrounds in liquid scintillator detectors Using convolutional neural networks}",
    doi = "10.1016/j.nima.2019.162604",
    journal = "Nucl. Instrum. Meth. A",
    volume = "947",
    pages = "162604",
    year = "2019"
}

@inproceedings{Rojo:2018qdd,
      author         = "Hayashida, S.",
      title          = "{Application of the RNN in the fundamental physics with {KamLAND} experiment}",
      booktitle      = "{8th Edition of International Conference on Big Data \& Data Science, Barcelona, Spain, March 04-05,   2019}",
      year           = "2019",
      doi = "10.21767/2349-3917-C1-009"
}

@article{Askins:2019oqj,
    author = "Askins, M. and others",
    collaboration = "Theia",
    title = "{THEIA: an advanced optical neutrino detector}",
    doi = "10.1140/epjc/s10052-020-7977-8",
    journal = "Eur. Phys. J. C",
    volume = "80",
    number = "5",
    pages = "416",
    year = "2020"
}

@misc{gruszko_julieta_2018_1300693,
  author       = {Gruszko, J},
  title        = {{NuDot}: double-beta decay with direction 
                   reconstruction in liquid scintillator},
  month        = jun,
  year         = 2018,
  publisher    = {Zenodo},
  doi          = {10.5281/zenodo.1300693},
}

@misc{fraker_suzannah_2018_1300914,
  author       = {Fraker, S.},
  title        = {Deep learning for liquid-scintillator-based 
                   double-beta decay searches},
  month        = jun,
  year         = 2018,
  publisher    = {Zenodo},
  doi          = {10.5281/zenodo.1300914},
}

@article{Maksimovic:2021dmz,
    author = "Maksimovi\'c, D. and Nieslony, M. and Wurm, M.",
    title = "{{CNNs} for enhanced background discrimination in {DSNB} searches in large-scale water-Gd detectors}",
    eprint = "2104.13426",
    archivePrefix = "arXiv",
    primaryClass = "physics.ins-det",
    month = "4",
    year = "2021"
}



@article{shimodaira2000improving,
  title={Improving predictive inference under covariate shift by weighting the log-likelihood function},
  author={Shimodaira, H.},
  journal={J. Stat. Plan. Inference},
  volume={90},
  number={2},
  pages={227--244},
  year={2000},
  doi={https://doi.org/10.1016/S0378-3758(00)00115-4},
  publisher={Elsevier}
}


@book{sugiyama2012machine,
  title={Machine learning in non-stationary environments: Introduction to covariate shift adaptation},
  author={Sugiyama, Masashi and Kawanabe, Motoaki},
  year={2012},
  publisher={MIT press},
  ISBN={9780262017091}
}


@article{dramsch2021complex,
  title={Complex-valued neural networks for machine learning on non-stationary physical data},
  author={Dramsch, J. S{\"o}ren and L{\"u}thje, M. and Christensen, A. N.},
  journal={Computers \& Geosciences},
  volume={146},
  pages={104643},
  year={2021},
  doi={https://doi.org/10.1016/j.cageo.2020.104643},
  publisher={Elsevier}
}

@inproceedings{calandra2012learning,
  title={Learning deep belief networks from non-stationary streams},
  author={Calandra, R. and Raiko, T. and Deisenroth, M. P. and Pouzols, F. M.},
  booktitle={Proc. Int. Conf. Artificial Neural Netw.},
  pages={379--386},
  year={2012},
  url={https://link.springer.com/chapter/10.1007/978-3-642-33266-1_47},
  organization={Springer}
}

@inproceedings{kurle2019continual,
  title={Continual learning with bayesian neural networks for non-stationary data},
  author={Kurle, R. and Cseke, B. and Klushyn, A. and van der Smagt, P. and G{\"u}nnemann, S.},
  booktitle={Proc. Int. Conf. Learning Representations},
  year={2019},
  url={https://openreview.net/forum?id=SJlsFpVtDB}
}

@inproceedings{koesdwiady2018non,
  title={Non-Stationary Traffic Flow Prediction Using Deep Learning},
  author={Koesdwiady, A. and Bedawi, S. and Ou, C. and Karray, F.},
  booktitle={Proc. 88th Vehicular Tech. Conf.},
  pages={1--5},
  year={2018},
  doi={10.1109/VTCFall.2018.8690756},
  url={https://ieeexplore.ieee.org/abstract/document/8690756},
  organization={IEEE}
}

@article{an2015variational,
  title={Variational autoencoder based anomaly detection using reconstruction probability},
  author={An, J. and Cho, S.},
  journal={Special Lecture on IE},
  volume={2},
  number={1},
  pages={1--18},
  year={2015},
  url={http://dm.snu.ac.kr/static/docs/TR/SNUDM-TR-2015-03.pdf}
}


@article{pu2016variational,
  title={Variational autoencoder for deep learning of images, labels and captions},
  author={Pu, Y. and Gan, Z. and Henao, R. and Yuan, X. and Li, C. and Stevens, A. and Carin, L.},
  journal={Adv. Neural Inf. Process. Syst.},
  volume={29},
  pages={2352--2360},
  year={2016},
  url={https://proceedings.neurips.cc/paper/2016/file/eb86d510361fc23b59f18c1bc9802cc6-Paper.pdf}
}

@article{caterini2018hamiltonian,
  title={Hamiltonian variational auto-encoder},
  author={Caterini, A. L. and Doucet, A. and Sejdinovic, D.},
  journal={NeurIPS, 2018},
  year={2018},
  url={https://arxiv.org/pdf/1805.11328.pdf}
}

@article{tripp2020sample,
  title={Sample-efficient optimization in the latent space of deep generative models via weighted retraining},
  author={Tripp, A. and Daxberger, E. and Hern{\'a}ndez-Lobato, J. M.},
  journal={Adv. Neural Inf. Process. Syst.},
  volume={33},
  year={2020},
  url={https://proceedings.neurips.cc/paper/2020/file/81e3225c6ad49623167a4309eb4b2e75-Paper.pdf}
}

@article{maulik2020time,
  title={Time-series learning of latent-space dynamics for reduced-order model closure},
  author={Maulik, R. and Mohan, A. and Lusch, B. and Madireddy, S. and Balaprakash, P. and Livescu, D.},
  journal={Physica D: Non Phenomena},
  volume={405},
  pages={132368},
  year={2020},
  doi={https://doi.org/10.1016/j.physd.2020.132368},
  publisher={Elsevier}
}

@article{Han2021,
	doi = {10.3847/1538-4357/ac11f8},
	url = {https://doi.org/10.3847/1538-4357/ac11f8},
	year = 2021,
	month = {sep},
	publisher = {American Astronomical Society},
	volume = {919},
	number = {1},
	pages = {11},
	author = {Ming-Zhe Han and Jin-Liang Jiang and Shao-Peng Tang and Yi-Zhong Fan},
	title = {Bayesian Nonparametric Inference of the Neutron Star Equation of State via a Neural Network},
	journal = {ApJ}
}

@article{Tang2021,
  title = {Constraints on the phase transition and nuclear symmetry parameters from {PSR} $\mathrm{J}0740+6620$ and multimessenger data of other neutron stars},
  author = {Tang, Shao-Peng and Jiang, Jin-Liang and Han, Ming-Zhe and Fan, Yi-Zhong and Wei, Da-Ming},
  journal = {Phys. Rev. D},
  volume = {104},
  issue = {6},
  pages = {063032},
  numpages = {11},
  year = {2021},
  month = {Sep},
  publisher = {American Physical Society},
  doi = {10.1103/PhysRevD.104.063032},
  url = {https://link.aps.org/doi/10.1103/PhysRevD.104.063032}
}

@misc{Kunert2021,
      title={Quantifying modelling uncertainties when combining multiple gravitational-wave detections from binary neutron star sources}, 
      author={Nina Kunert and Peter T. H. Pang and Ingo Tews and Michael W. Coughlin and Tim Dietrich},
      year={2021},
      eprint={2110.11835},
      archivePrefix={arXiv},
      primaryClass={astro-ph.HE}
}